@misc{Site:C++ReferenceLibraryList,
    title = {{A list of open source C++ libraries}},
    url = {http://en.cppreference.com/w/cpp/links/libs}
}

@inproceedings{alves03:simi,
    title = {{A Parallel Wavefront Algorithm for Efficient Biological Sequence Comparison}},
    year = {2003},
    booktitle = {ICCSA '03: The 2003 International Conference on Computational Science and its Applications},
    author = {Alves, Carlos E R and C�ceres, Edson N and Dehne, Frank and Song, Siang W},
    pages = {249--258},
    publisher = {Springer-Verlag}
}

@misc{Site:AIOMakefile,
    title = {{All-in-One Makefile}},
    url = {https://github.com/renatocf/make}
}

@techreport{alvisi99:analysisCIC,
    title = {{An Analysis of Comunication-Induced Checkpointing}},
    year = {1999},
    author = {Alvisi, Lorenzo and Elnozahy, Elmootazbellah and Rao, Sriram S and Husain, Syed A and Mel, Asanka Del},
    number = {TR-99-01},
    institution = {Department of Computer Science, University of Texas at Austin},
    address = {Austin, {\{}USA{\}}}
}

@misc{Site:SVN,
    title = {{Apache Subversion}},
    url = {https://subversion.apache.org/}
}

@book{JW82,
    title = {{Applied Multivariate Statistical Analysis}},
    year = {1983},
    author = {Johnson, Richard A and Wichern, Dean W},
    publisher = {Prentice-Hall}
}

@misc{Site:Automake,
    title = {{Automake}},
    url = {https://www.gnu.org/software/automake/}
}

@inproceedings{bronevetsky02,
    title = {{Automated application-level checkpointing of {\{}MPI{\}} programs}},
    year = {2003},
    booktitle = {PPoPP '03: Proceedings of the 9th ACM SIGPLAN Symposium on Principles and Practice of Parallel Programming},
    author = {Bronevetsky, Greg and Marques, Daniel and Pingali, Keshav and Stodghill, Paul},
    pages = {84--89}
}

@misc{Site:Flex,
    title = {{Bison - GNU Project - Free Software Foundation}},
    url = {https://www.gnu.org/software/bison/}
}

@misc{Site:BisonC++,
    title = {{BisonC++}},
    url = {https://fbb-git.github.io/bisoncpp/}
}

@misc{Site:Boost,
    title = {{Boost C++ Libraries}},
    url = {http://www.boost.org/}
}

@book{Hulten2018BuildingEngineering,
    title = {{Building Intelligent Systems: A Guide to Machine Learning Engineering}},
    year = {2018},
    author = {Hulten, Geoff},
    pages = {1--346},
    publisher = {Apress},
    isbn = {978-1484234310}
}

@book{Ameisen2020BuildingApplications,
    title = {{Building Machine Learning Powered Applications}},
    year = {2020},
    author = {Ameisen, Emmanuel},
    pages = {1--257},
    publisher = {O'Reilly Media},
    isbn = {978-1492045113}
}

@misc{Site:C++Reference,
    title = {{C++ Reference}},
    url = {http://en.cppreference.com/w/}
}

@misc{Site:ChaiScript,
    title = {{ChaiScript - Easy to use scripting for C++.}},
    author = {Turner, Jason},
    url = {http://chaiscript.com/}
}

@book{MartinCleanArchitecture2017,
    title = {{Clean Architecture: A Craftsman's Guide to Software Structure and Design}},
    year = {2017},
    author = {Martin, Robert C.},
    edition = {1},
    month = {9},
    pages = {1--404},
    volume = {},
    publisher = {Pearson},
    isbn = {0134494164}
}

@book{MartinCleanCode2008,
    title = {{Clean Code: A Handbook of Agile Software Craftsmanship}},
    year = {2008},
    author = {Martin, Robert C.},
    edition = {1},
    month = {8},
    pages = {1--464},
    volume = {},
    publisher = {Pearson},
    isbn = {9780132350884}
}

@misc{Site:CMake,
    title = {{CMake}},
    url = {https://cmake.org/}
}

@phdthesis{schmidt03:MSc,
    title = {{Coleta de Lixo para Protocolos de {\textbackslash}emph{\{}Checkpointing{\}}}},
    year = {2003},
    author = {Schmidt, Rodrigo M},
    school = {Instituto de Computa��o, Universidade de Campinas, Brasil}
}

@book{eco:09,
    title = {{Como se Faz uma Tese}},
    year = {2009},
    author = {Eco, Umberto},
    edition = {22�},
    publisher = {Perspectiva}
}

@incollection{bobaoglu93:concepts,
    title = {{Consistent Global States of Distributed Systems: Fundamental Concepts and Mechanisms}},
    year = {1993},
    booktitle = {Distributed Systems},
    author = {Babaoglu, Ozalp and Marzullo, Keith},
    editor = {Mullender, Sape},
    edition = {segunda},
    pages = {55--96}
}

@misc{CORBA:spec,
    title = {{CORBA v3.0 Specification}},
    year = {2002},
    author = {{Object Management Group}}
}

@book{bookAnderson2021,
    title = {{Data Teams: A Unified Management Model for Successful Data-Focused Teams}},
    year = {2021},
    author = {Anderson, Jesse},
    pages = {0--300},
    publisher = {Apress},
    isbn = {978-1484262276}
}

@book{Huyen2022DesigningApplications,
    title = {{Designing Machine Learning Systems: An Iterative Process for Production-Ready Applications}},
    year = {2022},
    author = {Huyen, Chip},
    pages = {1--386},
    publisher = {O'Reilly Media},
    isbn = {978-1098107963}
}

@misc{Site:XML,
    title = {{Extensible Markup Language (XML)}},
    url = {https://www.w3.org/XML/}
}

@book{bookOzdemir2022,
    title = {{Feature Engineering Bookcamp}},
    year = {2022},
    author = {Ozdemir, Sinan},
    pages = {0--272},
    publisher = {Manning},
    isbn = {978-1617299797}
}

@misc{Site:Bison,
    title = {{Flex: The Fast Lexical Analyzer}},
    url = {http://flex.sourceforge.net/}
}

@misc{Site:FlexC++,
    title = {{FlexC++}},
    url = {https://fbb-git.github.io/flexcpp/}
}

@book{Richards2020FundamentalsApproach,
    title = {{Fundamentals of Software Architecture: An Engineering Approach}},
    year = {2020},
    author = {Richards, Mark and Ford, Neal},
    pages = {1--419},
    publisher = {O'Reilly Media},
    isbn = {978-1492043454}
}

@misc{Gartner2020,
    title = {{Gartner Identifies the Top Strategic Technology Trends for 2021}},
    url = {https://www.gartner.com/en/newsroom/press-releases/2020-10-19-gartner-identifies-the-top-strategic-technology-trends-for-2021}
}

@misc{Gartner2022,
    title = {{Gartner Survey Reveals 80{\%} of Executives Think Automation Can Be Applied to Any Business Decision}},
    url = {https://www.gartner.com/en/newsroom/press-releases/2022-08-22-gartner-survey-reveals-80-percent-of-executives-think-automation-can-be-applied-to-any-business-decision}
}

@misc{Site:Git,
    title = {{Git}},
    url = {https://git-scm.com/}
}

@misc{Site:GoDataStructures,
    title = {{Go Data Structures: Interfaces}},
    url = {https://research.swtch.com/interfaces}
}

@misc{Site:GoogleC++StyleGuide,
    title = {{Google C++ Style Guide}},
    url = {https://google-styleguide.googlecode.com/svn/trunk/cppguide.html}
}

@misc{Site:GoogleTest,
    title = {{Google Test}},
    url = {https://github.com/google/googletest}
}

@book{Higham:98,
    title = {{Handbook of Writing for the Mathematical Sciences}},
    year = {1998},
    author = {Higham, Nicholas J},
    edition = {segunda},
    publisher = {SIAM: Society for Industrial and Applied Mathematics}
}

@article{alon09:how,
    title = {{How To Choose a Good Scientific Problem}},
    year = {2009},
    journal = {Molecular Cell},
    author = {Alon, Uri},
    number = {6},
    pages = {726--728},
    volume = {35},
    publisher = {Cell Press},
    doi = {10.1016/j.molcel.2009.09.013}
}

@article{MenaChalco08,
    title = {{Identification of protein coding regions using the modified {\{}G{\}}abor-wavelet transform}},
    year = {2008},
    journal = {IEEE/ACM Transactions on Computational Biology and Bioinformatics},
    author = {Mena-Chalco, Jes�s P and Carrer, Helaine and Zana, Yossi and Cesar-Jr., Roberto M},
    pages = {198--207},
    volume = {5}
}

@book{bookTreveilandOthers2020,
    title = {{Introducing MLOps}},
    year = {2020},
    author = {Treveil, Mark and Omont, Nicolas and Stenac, Clément and Lefevre, Kenji and Phan, Du and Zentici, Joachim and Miyazaki, Makoto and Heidmann, Lynn},
    pages = {0--183},
    publisher = {O'Reilly Media},
    isbn = {978-1492083290}
}

@misc{fowler04:designDead,
    title = {{Is Design Dead?}},
    year = {2004},
    author = {Fowler, Martin},
    howpublished = {{\textbackslash}url{\{}http://martinfowler.com/articles/designDead.html{\}}}
}

@misc{Site:JSON,
    title = {{JSON}},
    url = {http://www.json.org/}
}

@book{Lakshmanan2020MachineMLOps,
    title = {{Machine Learning Design Patterns: Solutions to Common Challenges in Data Preparation, Model Building, and MLOps}},
    year = {2020},
    author = {Lakshmanan, Valliappa and Robinson, Sara and Munn, Michael},
    pages = {1--390},
    volume = {1},
    publisher = {O'Reilly Media},
    isbn = {978-1098115784}
}

@book{Burkov2020MachineEngineering,
    title = {{Machine Learning Engineering}},
    year = {2020},
    author = {Burkov, Andriy},
    pages = {1--310},
    publisher = {True Positive Inc. },
    url = {http://www.mlebook.com/wiki/doku.php?id=start},
    isbn = {978-1999579579}
}

@book{Knuth:96,
    title = {{Mathematical Writing}},
    year = {1996},
    author = {Knuth, Donald E and Larrabee, Tracy and Roberts, Paul M},
    publisher = {The Mathematical Association of America}
}

@article{Hitz1995,
    title = {{Measuring Coupling and Cohesion In Object-Oriented Systems}},
    year = {1995},
    journal = {Angewandte Informatik},
    author = {Hitz, Martin and Montazeri, Behzad},
    pages = {1--10},
    volume = {50},
    url = {http://citeseerx.ist.psu.edu/viewdoc/download?doi=10.1.1.467.9312&rep=rep1&type=pdf http://www.isys.uni-klu.ac.at/PDF/1995-0043-MHBM.pdf},
    isbn = {3-540-60406-5},
    doi = {10.1.1.409.4862},
    issn = {10769757},
    pmid = {17255001},
    arxivId = {cs/9605103}
}

@misc{Site:Mercurial,
    title = {{Mercurial}},
    url = {https://www.mercurial-scm.org/}
}

@book{waz:09,
    title = {{Metodologia de Pesquisa em Ciencia da Computa��o}},
    year = {2009},
    author = {Wazlawick, Raul S},
    edition = {Primeira},
    publisher = {Campus}
}

@misc{Site:MoreC++Idioms,
    title = {{More C++ Idioms - Wikibooks, open books for an open world}},
    url = {https://en.wikibooks.org/wiki/More_C%2B%2B_Idioms}
}

@misc{Site:OpenMPI,
    title = {{Open MPI: Open Source High Performance Computing}},
    url = {http://www.open-mpi.org/},
    keywords = {MPI, Open MPI, Open-MPI, OpenMPI, beowulf, cluster, distributed, linux, parallel, parallel computing}
}

@misc{Site:OpenMP,
    title = {{OpenMP}},
    url = {http://openmp.org/wp/}
}

@misc{Site:Perl,
    title = {{Perl Programming Language}},
    url = {https://www.perl.org/}
}

@misc{Site:PLOS,
    title = {{PLOS Computational Biology: A Peer-Reviewed Open-Access Journal}},
    url = {http://journals.plos.org/ploscompbiol/}
}

@book{bookAtwal2019,
    title = {{Practical DataOps: Delivering Agile Data Science at Scale}},
    year = {2019},
    author = {Atwal, Harvinder},
    pages = {0--289},
    publisher = {Apress},
    isbn = {978-1484251034}
}

@book{bookPruksachatkunandOthers2023,
    title = {{Practicing Trustworthy Machine Learning}},
    year = {2023},
    author = {Pruksachatkun, Yada and Mcateer, Matthew and Majumdar, Subho},
    pages = {0--300},
    publisher = {O'Reilly Media},
    isbn = {978-1098120276}
}

@misc{Site:Python,
    title = {{Python Programming Language}},
    url = {https://www.python.org/},
    keywords = {Python programming language object oriented web fr}
}

@misc{Site:R,
    title = {{R: The R Project for Statistical Computing}},
    url = {https://www.r-project.org/}
}

@book{bookChenandOthers2022,
    title = {{Reliable Machine Learning}},
    year = {2022},
    author = {Chen, Cathy and Murphy, Niall Richard and Parisa, Kranti and Sculley, D and Underwood, Todd},
    pages = {0--408},
    publisher = {O'Reilly Media},
    isbn = {978-1098106225}
}

@misc{Site:Ruby,
    title = {{Ruby Programming Language}},
    url = {https://www.ruby-lang.org/}
}

@misc{Site:Serialization,
    title = {{Serialization and Unserialization, C++ FAQ}},
    url = {https://isocpp.org/wiki/faq/serialization}
}

@book{bookFishmanandStryker2020,
    title = {{Smarter Data Science}},
    year = {2020},
    author = {Fishman, Neal and Stryker, Cole},
    pages = {0--304},
    publisher = {Wiley},
    isbn = {978-1119693413}
}

@book{Ford2021SoftwareParts,
    title = {{Software Architecture: The Hard Parts}},
    year = {2021},
    author = {Ford, Neal and Richards, Mark and Sadalage, Pramod and Dehghani, Zhamak},
    url = {https://books.google.com/books?hl=pt-BR&lr=&id=OX1EEAAAQBAJ&oi=fnd&pg=PP1&dq=software+architecture+the+hard+parts&ots=eS4pUocmVP&sig=Q6trwKIusXGq4ycUcv4GaLPK4lI},
    isbn = {9781492086895}
}

@misc{Site:YAML,
    title = {{The Official YAML Web Site}},
    url = {http://www.yaml.org/}
}

@misc{Site:RustTraitObjects,
    title = {{The Rust Programming Langauge - Trait Objects}},
    url = {https://doc.rust-lang.org/stable/book/trait-objects.html}
}

@book{tufte01:visualDisplay,
    title = {{The Visual Display of Quantitative Information}},
    year = {2001},
    author = {Tufte, Edward},
    edition = {2nd},
    publisher = {Graphics Pr}
}

@phdthesis{garcia01:PhD,
    title = {{Vis�es Progressivas de Computa��es Distribu�das}},
    year = {2001},
    author = {Garcia, Islene C},
    month = {12},
    school = {Instituto de Computa��o, Universidade de Campinas, Brasil}
}

@article{Oort2021Mllint,
    title = {{" Project smells"--Experiences in Analysing the Software Quality of ML Projects with mllint}},
    year = {2021},
    journal = {arxiv.org},
    author = {Oort, B van and Cruz, L and Loni, B and arXiv, A van Deursen - arXiv preprint and 2022, undefined},
    url = {https://arxiv.org/abs/2201.08246},
    doi = {10.1145/nnnnnnn.nnnnnnn},
    arxivId = {2201.08246v1},
    keywords = {Python, code smells, context-aware, dependency management, machine learning, mllint, project smells, software quality, static analysis}
}

@article{Ribeiro2016WhyClassifier,
    title = {{"Why should i trust you?" Explaining the predictions of any classifier}},
    year = {2016},
    journal = {Proceedings of the ACM SIGKDD International Conference on Knowledge Discovery and Data Mining},
    author = {Ribeiro, Marco Tulio and Singh, Sameer and Guestrin, Carlos},
    month = {8},
    pages = {1135--1144},
    volume = {13-17-August-2016},
    publisher = {Association for Computing Machinery},
    doi = {10.1145/2939672.2939778}
}

@misc{HackatonaExame,
    title = {{'Hackatona do {\^{O}}nibus' de S{\~{a}}o Paulo d{\'{a}} pr{\^{e}}mios de at{\'{e}} R{\$} 8 mil | Exame}},
    url = {https://exame.com/tecnologia/hackatona-do-onibus-de-sao-paulo-da-premios-de-ate-r-8-mil/}
}

@article{Bernardi2019150Booking.com,
    title = {{150 Successful Machine Learning Models: 6 Lessons Learned at Booking.com}},
    year = {2019},
    journal = {Proceedings of the ACM SIGKDD International Conference on Knowledge Discovery and Data Mining},
    author = {Bernardi, Lucas and Mavridis, Themis and Estevez, Pablo},
    month = {7},
    pages = {1743--1751},
    publisher = {Association for Computing Machinery},
    isbn = {9781450362016},
    doi = {10.1145/3292500.3330744},
    keywords = {Business Impact, Data Science, E-commerce, Experimentation, Machine Learning, Product Development}
}

@misc{2020Algorithmia,
    title = {{2020 State of Enterprise Machine Learning | Algorithmia}},
    url = {https://www.coriniumintelligence.com/2020-state-of-enterprise-machine-learning-algorithmia-whitepaper-download}
}

@inproceedings{Santos2020AMigration,
    title = {{A Complexity Metric for Microservices Architecture Migration}},
    year = {2020},
    booktitle = {Proceedings - IEEE 17th International Conference on Software Architecture, ICSA 2020},
    author = {Santos, Nuno and Rito Silva, Antonio},
    doi = {10.1109/ICSA47634.2020.00024}
}

@article{Shyamal2023AModel,
    title = {{A Comprehensive Approach to Evaluating Software Code Quality Through a Flexible Quality Model}},
    year = {2023},
    journal = {Proceedings - International Research Conference on Smart Computing and Systems Engineering, SCSE 2023},
    author = {Shyamal, D. K.K. and Asanka, P. P.G.D. and Wickramaarachchi, D.},
    publisher = {Institute of Electrical and Electronics Engineers Inc.},
    isbn = {9798350341454},
    doi = {10.1109/SCSE59836.2023.10215004},
    keywords = {code quality, quality attributes, quality metrics, quality models, software metrics}
}

@article{Renggli2021AMLOps,
    title = {{A Data Quality-Driven View of MLOps}},
    year = {2021},
    author = {Renggli, Cedric and Rimanic, Luka and G{\"{u}}rel, Nezihe Merve and Karla{\v{s}}, Bojan and Wu, Wentao and Zhang, Ce},
    month = {2},
    url = {https://arxiv.org/abs/2102.07750v1},
    arxivId = {2102.07750}
}

@book{Ross2014AProbability,
    title = {{A First Course in Probability}},
    year = {2014},
    author = {Ross, Sheldon},
    pages = {464},
    publisher = {Pearson},
    isbn = {9781292024929}
}

@article{Diaz-De-Arcaya2023ASurvey,
    title = {{A Joint Study of the Challenges, Opportunities, and Roadmap of MLOps and AIOps: A Systematic Survey}},
    year = {2023},
    journal = {ACM Computing Surveys},
    author = {Diaz-De-Arcaya, Josu and Torre-Bastida, Ana I. and Z{\'{a}}rate, Gorka and Mi{\~{n}}{\'{o}}n, Raúl and Almeida, Aitor},
    number = {4},
    volume = {56},
    doi = {10.1145/3625289},
    issn = {15577341}
}

@article{Simmons2020AProjects,
    title = {{A large-scale comparative analysis of Coding Standard conformance in Open-Source Data Science projects}},
    year = {2020},
    journal = {International Symposium on Empirical Software Engineering and Measurement},
    author = {Simmons, Andrew J. and Barnett, Scott and Rivera-Villicana, Jessica and Bajaj, Akshat and Vasa, Rajesh},
    month = {10},
    publisher = {IEEE Computer Society},
    isbn = {9781450375801},
    doi = {10.1145/3382494.3410680},
    issn = {19493789},
    arxivId = {2007.08978},
    keywords = {Code conventions, Code quality, Code smells, Code style, Data science, Machine learning, Open-source software}
}

@article{Pimentel2019ANotebooks,
    title = {{A Large-Scale Study about Quality and Reproducibility of Jupyter Notebooks}},
    year = {2019},
    journal = {IEEE International Working Conference on Mining Software Repositories},
    author = {Pimentel, Joao Felipe and Murta, Leonardo and Braganholo, Vanessa and Freire, Juliana},
    month = {5},
    pages = {507--517},
    volume = {2019-May},
    publisher = {IEEE Computer Society},
    isbn = {9781728134123},
    doi = {10.1109/MSR.2019.00077},
    issn = {21601860},
    keywords = {Github, Jupyter notebook, Reproducibility}
}

@article{Ahmed2019AProjects,
    title = {{A Lean Design Thinking Methodology (LDTM) for Machine Learning and Modern Data Projects}},
    year = {2019},
    journal = {2018 10th Computer Science and Electronic Engineering Conference, CEEC 2018 - Proceedings},
    author = {Ahmed, Bakhtiyar and Dannhauser, Thomas and Philip, Nada},
    month = {3},
    pages = {11--14},
    publisher = {Institute of Electrical and Electronics Engineers Inc.},
    doi = {10.1109/CEEC.2018.8674234},
    keywords = {Data Mining, Framework, Life Cycle, Machine Learning, Methodology, Software Development}
}

@article{Nahar2023APractitioners,
    title = {{A Meta-Summary of Challenges in Building Products with ML Components - Collecting Experiences from 4758+ Practitioners}},
    year = {2023},
    journal = {Proceedings - 2023 IEEE/ACM 2nd International Conference on AI Engineering - Software Engineering for AI, CAIN 2023},
    author = {Nahar, Nadia and Zhang, Haoran and Lewis, Grace and Zhou, Shurui and Kastner, Christian},
    pages = {171--183},
    publisher = {Institute of Electrical and Electronics Engineers Inc.},
    doi = {10.1109/CAIN58948.2023.00034},
    arxivId = {2304.00078},
    keywords = {ML in Production, Meta Summary, SE4ML, SLR, Software Engineering for Machine Learning}
}

@article{Nguyen-Duc2020AIndustry,
    title = {{A Multiple Case Study of Artificial Intelligent System Development in Industry}},
    year = {2020},
    journal = {ACM International Conference Proceeding Series},
    author = {Nguyen-Duc, Anh and Sundb{\o}, Ingrid and Nascimento, Elizamary and Conte, Tayana and Ahmed, Iftekhar and Abrahamsson, Pekka},
    month = {4},
    pages = {1--10},
    publisher = {Association for Computing Machinery},
    isbn = {9781450377317},
    doi = {10.1145/3383219.3383220},
    keywords = {AI business pattern, Artificial Intelligent system, Business opportunity, Pivot, SEMAT, Software Development, Software Engineering}
}

@article{Recupito2022AFeatures,
    title = {{A Multivocal Literature Review of MLOps Tools and Features}},
    year = {2022},
    journal = {Proceedings - 48th Euromicro Conference on Software Engineering and Advanced Applications, SEAA 2022},
    author = {Recupito, Gilberto and Pecorelli, Fabiano and Catolino, Gemma and Moreschini, Sergio and Nucci, Dario Di and Palomba, Fabio and Tamburri, Damian A.},
    pages = {84--91},
    publisher = {Institute of Electrical and Electronics Engineers Inc.},
    isbn = {9781665461528},
    doi = {10.1109/SEAA56994.2022.00021},
    keywords = {DevOps, MLOps, Machine Learning, Multivocal Literature Review}
}

@article{Jacobson2014AEngineering,
    title = {{A new software engineering}},
    year = {2014},
    journal = {Communications of the ACM},
    author = {Jacobson, Ivar and Seidewitz, Ed},
    number = {12},
    month = {12},
    pages = {49--54},
    volume = {57},
    publisher = {Association for Computing Machinery},
    doi = {10.1145/2677034}
}

@misc{Alexander1977AConstruction,
    title = {{A pattern Language: Towns, Buildings, Construction}},
    year = {1977},
    booktitle = {New York},
    author = {Alexander, Christopher and Ishikawa, Sara and Silverstein, Murray}
}

@article{Heck2021ASystems,
    title = {{A Software Engineering Perspective on Building Production-Ready Machine Learning Systems}},
    year = {2021},
    journal = {Handbook of Research on Applied Data Science and Artificial Intelligence in Business and Industry},
    author = {Heck, Petra and Schouten, Gerard and Cruz, Luís},
    month = {6},
    pages = {23--54},
    publisher = {IGI Global},
    isbn = {9781799869863},
    doi = {10.4018/978-1-7998-6985-6.CH002}
}

@article{Giray2021AChallenges,
    title = {{A Software Engineering Perspective on Engineering Machine Learning Systems: State of the Art and Challenges}},
    year = {2021},
    journal = {Journal of Systems and Software},
    author = {Giray, Görkem},
    month = {10},
    pages = {111031},
    volume = {180},
    publisher = {Elsevier},
    doi = {10.1016/J.JSS.2021.111031},
    issn = {0164-1212}
}

@article{Offerman2022APractices,
    title = {{A Study of Adoption and Effects of DevOps Practices}},
    year = {2022},
    journal = {2022 IEEE 28th International Conference on Engineering, Technology and Innovation, ICE/ITMC 2022 and 31st International Association for Management of Technology, IAMOT 2022 Joint Conference - Proceedings},
    author = {Offerman, Tyron and Blinde, Robert and Stettina, Christoph Johann and Visser, Joost},
    publisher = {Institute of Electrical and Electronics Engineers Inc.},
    isbn = {9781665488174},
    doi = {10.1109/ICE/ITMC-IAMOT55089.2022.10033313},
    arxivId = {2211.09390},
    keywords = {DevOps matu-rity, DevOps practices, DevOps tools, Organizational performance, Software development}
}

@article{Priestley2023APipelines,
    title = {{A Survey of Data Quality Requirements That Matter in ML Development Pipelines}},
    year = {2023},
    journal = {Journal of Data and Information Quality},
    author = {Priestley, Maria and O'Donnell, Fionntán and Simperl, Elena},
    number = {2},
    volume = {15},
    doi = {10.1145/3592616},
    issn = {19361963}
}

@article{Mehrabi2019ALearning,
    title = {{A Survey on Bias and Fairness in Machine Learning}},
    year = {2019},
    journal = {ACM Computing Surveys},
    author = {Mehrabi, Ninareh and Morstatter, Fred and Saxena, Nripsuta and Lerman, Kristina and Galstyan, Aram},
    number = {6},
    month = {8},
    volume = {54},
    publisher = {Association for Computing Machinery},
    url = {https://arxiv.org/abs/1908.09635v2},
    arxivId = {1908.09635},
    keywords = {Fairness and bias in artificial intelligence, deep learning, machine learning, natural language processing, representation learning}
}

@article{Heckman2021ALiterature,
    title = {{A Systematic Literature Review of Empiricism and Norms of Reporting in Computing Education Research Literature}},
    year = {2021},
    author = {Heckman, Sarah and Carver, Jeffrey C. and Sherriff, Mark and Al-Zubidy, Ahmed},
    month = {7},
    url = {http://arxiv.org/abs/2107.01984},
    doi = {10.1145/3470652}
}

@article{Lo2021APerspective,
    title = {{A Systematic Literature Review on Federated Machine Learning: From a Sofware Engineering Perspective}},
    year = {2021},
    journal = {ACM Computing Surveys},
    author = {Lo, Sin Kit and Lu, Qinghua and Wang, Chen and Paik, Hye Young and Zhu, Liming},
    number = {5},
    month = {6},
    volume = {54},
    publisher = {Association for Computing Machinery},
    doi = {10.1145/3450288},
    issn = {15577341},
    arxivId = {2007.11354},
    keywords = {Federated learning, distributed learning, edge learning, privacy, software engineering, systematic literature review}
}

@article{Sherin2019APrograms,
    title = {{A Systematic Mapping Study on Testing of Machine Learning Programs}},
    year = {2019},
    author = {Sherin, Salman and khan, Muhammad Uzair and Iqbal, Muhammad Zohaib},
    month = {7},
    url = {http://arxiv.org/abs/1907.09427},
    arxivId = {1907.09427}
}

@inproceedings{Mboweni2022ADevOps,
    title = {{A Systematic Review of Machine Learning DevOps}},
    year = {2022},
    booktitle = {International Conference on Electrical, Computer, and Energy Technologies, ICECET 2022},
    author = {Mboweni, Tsakani and Masombuka, Themba and Dongmo, Cyrille},
    doi = {10.1109/ICECET55527.2022.9872968}
}

@article{Lwakatare2019AInvestigation,
    title = {{A taxonomy of software engineering challenges for machine learning systems: An empirical investigation}},
    year = {2019},
    journal = {Lecture Notes in Business Information Processing},
    author = {Lwakatare, Lucy Ellen and Raj, Aiswarya and Bosch, Jan and Olsson, Helena Holmström and Crnkovic, Ivica},
    pages = {227--243},
    volume = {355},
    publisher = {Springer Verlag},
    doi = {10.1007/978-3-030-19034-7{\_}14},
    keywords = {Artificial intelligence, Challenges, Machine learning, Software engineering}
}

@book{Forsgren2018Accelerate:Organizations,
    title = {{Accelerate: The Science of Lean Software and DevOps: Building and Scaling High Performing Technology Organizations}},
    year = {2018},
    booktitle = {IT Revolution},
    author = {Forsgren, Nicole and Humble, Jez and Kim, Gene and Press, I T Revolution},
    edition = {1},
    month = {3},
    publisher = {IT Revolution Press},
    isbn = {978-1942788331}
}

@article{Zaharia2018AcceleratingMLflow.,
    title = {{Accelerating the machine learning lifecycle with MLflow.}},
    year = {2018},
    journal = {www-cs.stanford.edu},
    author = {Zaharia, M and Chen, A and Davidson, A and {\ldots}, A Ghodsi - IEEE Data Eng and 2018, undefined},
    url = {https://www-cs.stanford.edu/people/matei/papers/2018/ieee_mlflow.pdf}
}

@article{Serban2022AdaptingChallenges,
    title = {{Adapting Software Architectures to Machine Learning Challenges}},
    year = {2022},
    journal = {Proceedings - 2022 IEEE International Conference on Software Analysis, Evolution and Reengineering, SANER 2022},
    author = {Serban, Alex and Visser, Joost},
    pages = {152--163},
    publisher = {Institute of Electrical and Electronics Engineers Inc.},
    isbn = {9781665437868},
    doi = {10.1109/SANER53432.2022.00029},
    arxivId = {2105.12422},
    keywords = {machine learning, software architecture, software engineering}
}

@article{Serban2020AdoptionLearning,
    title = {{Adoption and Effects of Software Engineering Best Practices in Machine Learning}},
    year = {2020},
    journal = {International Symposium on Empirical Software Engineering and Measurement},
    author = {Serban, Alex and Van Der Blom, Koen and Hoos, Holger and Visser, Joost},
    month = {10},
    publisher = {IEEE Computer Society},
    isbn = {9781450375801},
    doi = {10.1145/3382494.3410681},
    issn = {19493789},
    arxivId = {2007.14130},
    keywords = {Best practices, Machine learning engineering, Survey}
}

@misc{Tufail2023AdvancementsAlgorithms,
    title = {{Advancements and Challenges in Machine Learning: A Comprehensive Review of Models, Libraries, Applications, and Algorithms}},
    year = {2023},
    booktitle = {Electronics (Switzerland)},
    author = {Tufail, Shahid and Riggs, Hugo and Tariq, Mohd and Sarwat, Arif I.},
    number = {8},
    volume = {12},
    doi = {10.3390/electronics12081789},
    issn = {20799292}
}

@article{2020AgileWorkshops,
    title = {{Agile Processes in Software Engineering and Extreme Programming – Workshops}},
    year = {2020},
    editor = {Paasivaara, Maria and Kruchten, Philippe},
    series = {Lecture Notes in Business Information Processing},
    volume = {396},
    publisher = {Springer International Publishing},
    url = {http://link.springer.com/10.1007/978-3-030-58858-8},
    address = {Cham},
    isbn = {978-3-030-58857-1},
    doi = {10.1007/978-3-030-58858-8}
}

@article{Dinh2018AIIntegration,
    title = {{AI and Blockchain: A Disruptive Integration}},
    year = {2018},
    journal = {Computer},
    author = {Dinh, Thang N. and Thai, My T.},
    number = {9},
    month = {9},
    pages = {48--53},
    volume = {51},
    publisher = {IEEE Computer Society},
    doi = {10.1109/MC.2018.3620971},
    keywords = {Future of AI, HCI, artificial intelligence, blockchain, disruptive technology, human-computer interaction, intelligent systems, security}
}

@article{John2020AIIdentification,
    title = {{AI deployment architecture: Multi-case study for key factor identification}},
    year = {2020},
    journal = {Proceedings - Asia-Pacific Software Engineering Conference, APSEC},
    author = {John, Meenu Mary and Olsson, Helena Holmstrom and Bosch, Jan},
    month = {12},
    pages = {395--404},
    volume = {2020-December},
    publisher = {IEEE Computer Society},
    isbn = {9781728195537},
    doi = {10.1109/APSEC51365.2020.00048},
    issn = {15301362},
    keywords = {Architecture, Artificial Intelligence, Cloud, Deep Learning, Deployment, Edge, Machine Learning}
}

@article{John2020AIAlternatives,
    title = {{AI on the Edge: Architectural Alternatives}},
    year = {2020},
    journal = {Proceedings - 46th Euromicro Conference on Software Engineering and Advanced Applications, SEAA 2020},
    author = {John, Meenu Mary and Holmstrom Olsson, Helena and Bosch, Jan},
    month = {8},
    pages = {21--28},
    publisher = {Institute of Electrical and Electronics Engineers Inc.},
    isbn = {9781728195322},
    doi = {10.1109/SEAA51224.2020.00015},
    keywords = {Action Research, Architectural alternatives, Artificial Intelligence, Cloud, Deep Learning, Edge, Machine Learning, Transfer Learning}
}

@article{Takeuchi2019AIModeling,
    title = {{AI service system development using enterprise architecture modeling}},
    year = {2019},
    journal = {Procedia Computer Science},
    author = {Takeuchi, Hironori and Yamamoto, Shuichiro},
    pages = {923--932},
    volume = {159},
    publisher = {Elsevier B.V.},
    doi = {10.1016/J.PROCS.2019.09.259},
    issn = {18770509},
    keywords = {AI Service System, Development Project, Enterprise Architecture}
}

@article{Fischer2020AILearned,
    title = {{AI System Engineering—Key Challenges and Lessons Learned}},
    year = {2020},
    journal = {Machine Learning and Knowledge Extraction 2021, Vol. 3, Pages 56-83},
    author = {Fischer, Lukas and Ehrlinger, Lisa and Geist, Verena and Ramler, Rudolf and Sobiezky, Florian and Zellinger, Werner and Brunner, David and Kumar, Mohit and Moser, Bernhard},
    number = {1},
    month = {12},
    pages = {56--83},
    volume = {3},
    publisher = {Multidisciplinary Digital Publishing Institute},
    url = {https://www.mdpi.com/2504-4990/3/1/4/htm https://www.mdpi.com/2504-4990/3/1/4},
    doi = {10.3390/MAKE3010004},
    issn = {2504-4990},
    keywords = {AI system engineering, deep learning, embedded AI, federated learning, human centered AI, transfer learning}
}

@article{HossainFaruk2023AI-OrientedDirections,
    title = {{AI-Oriented Software Engineering (AIOSE): Challenges, Opportunities, and New Directions}},
    year = {2023},
    journal = {Lecture Notes in Networks and Systems},
    author = {Hossain Faruk, Md Jobair and Pournaghshband, Hasan and Shahriar, Hossain},
    pages = {3--19},
    volume = {576 LNNS},
    publisher = {Springer Science and Business Media Deutschland GmbH},
    isbn = {9783031203213},
    doi = {10.1007/978-3-031-20322-0{\_}1},
    issn = {23673389},
    keywords = {AI, AI-oriented application, AIOSE, Artificial Intelligence, Intelligent system, Software engineering}
}

@phdthesis{Bonadio2018AlgoritmosGenomicas,
    title = {{Algoritmos eficientes para an{\'{a}}lisede campos aleat{\'{o}}rios condicionais semi-markovianose sua aplica{\c{c}}{\~{a}}o em sequ{\^{e}}ncias gen{\^{o}}micas}},
    year = {2018},
    author = {Bonadio, Ígor},
    url = {https://teses.usp.br/index.php?option=com_jumi&fileid=38&Itemid=183&id=17A78EDD9611}
}

@article{Iqbal2013AnReview,
    title = {{An Analysis of Ontology Engineering Methodologies: A literature review}},
    year = {2013},
    journal = {Journal of Applied Sciences, Engineering and Technology},
    author = {Iqbal, R and Murad, M A A and {Mustapha A} and {Sharef N M}},
    url = {https://www.academia.edu/download/39627564/An_Analysis_of_Ontology_Engineering_Meth20151102-26435-1bvvlpr.pdf}
}

@article{KolarNarayanappa2024AnMLOps,
    title = {{An Analysis of the Barriers Preventing the Implementation of MLOps}},
    year = {2024},
    journal = {IFIP Advances in Information and Communication Technology},
    author = {Kolar Narayanappa, Ashwini and Amrit, Chintan},
    pages = {101--114},
    volume = {697 AICT},
    publisher = {Springer Science and Business Media Deutschland GmbH},
    isbn = {9783031501876},
    doi = {10.1007/978-3-031-50188-3{\_}10},
    issn = {1868422X},
    keywords = {Data Science, Grounded theory, Machine learning Operations (MLOps)}
}

@article{Tomov2020AnTechnologies,
    title = {{An Application Model that Leverages Microservice and Blockchain Technologies}},
    year = {2020},
    journal = {3rd International Conference on High Technology for Sustainable Development, HiTech 2020 - Proceedings},
    author = {Tomov, Yavor},
    month = {10},
    publisher = {Institute of Electrical and Electronics Engineers Inc.},
    doi = {10.1109/HITECH51434.2020.9363995},
    keywords = {blockchain, microservices, smart contracts}
}

@inproceedings{Murphy2007AnApplications,
    title = {{An approach to software testing of machine learning applications}},
    year = {2007},
    booktitle = {19th International Conference on Software Engineering and Knowledge Engineering, SEKE 2007},
    author = {Murphy, Christian and Kaiser, Gail and Arias, Marta}
}

@article{Schleier-Smith2015AnApplications,
    title = {{An Architecture for Agile Machine Learning in Real-Time Applications}},
    year = {2015},
    journal = {Proceedings of the ACM SIGKDD International Conference on Knowledge Discovery and Data Mining},
    author = {Schleier-Smith, Johann},
    month = {8},
    pages = {2059--2068},
    volume = {2015-August},
    publisher = {Association for Computing Machinery},
    isbn = {9781450336642},
    doi = {10.1145/2783258.2788628},
    keywords = {Agile, Machine learning, Recommender systems}
}

@article{DeSilva2022AnProduction,
    title = {{An artificial intelligence life cycle: From conception to production}},
    year = {2022},
    journal = {Patterns},
    author = {De Silva, Daswin and Alahakoon, Damminda},
    month = {4},
    pages = {100489},
    publisher = {Elsevier},
    url = {http://arxiv.org/abs/2108.13861},
    doi = {10.1016/J.PATTER.2022.100489},
    issn = {2666-3899},
    arxivId = {2108.13861}
}

@article{Kasami1965AnLanguages,
    title = {{An Efficient Recognition and Syntax-Analysis Algorithm for Context-free Languages}},
    year = {1965},
    journal = {Scientific report AFCRL-65-758},
    author = {Kasami, Tadao}
}

@inproceedings{Thung2012AnSystems,
    title = {{An Empirical Study of Bugs in Machine Learning Systems}},
    year = {2012},
    booktitle = {Proceedings - International Symposium on Software Reliability Engineering, ISSRE},
    author = {Thung, Ferdian and Wang, Shaowei and Lo, David and Jiang, Lingxiao},
    doi = {10.1109/ISSRE.2012.22},
    issn = {10719458}
}

@inproceedings{Tang2021AnSystems,
    title = {{An empirical study of refactorings and technical debt in machine learning systems}},
    year = {2021},
    booktitle = {Proceedings - International Conference on Software Engineering},
    author = {Tang, Yiming and Khatchadourian, Raffi and Bagherzadeh, Mehdi and Singh, Rhia and Stewart, Ajani and Raja, Anita},
    doi = {10.1109/ICSE43902.2021.00033},
    issn = {02705257}
}

@article{Figalist2020AnSolutions,
    title = {{An End-to-End Framework for Productive Use of Machine Learning in Software Analytics and Business Intelligence Solutions}},
    year = {2020},
    journal = {Lecture Notes in Computer Science (including subseries Lecture Notes in Artificial Intelligence and Lecture Notes in Bioinformatics)},
    author = {Figalist, Iris and Elsner, Christoph and Bosch, Jan and Olsson, Helena Holmström},
    pages = {217--233},
    volume = {12562 LNCS},
    publisher = {Springer Science and Business Media Deutschland GmbH},
    isbn = {9783030641474},
    doi = {10.1007/978-3-030-64148-1{\_}14},
    issn = {16113349},
    keywords = {Business intelligence, Machine learning, Software analytics}
}

@article{Buhrmester2018AnUse,
    title = {{An Evaluation of Amazon’s Mechanical Turk, Its Rapid Rise, and Its Effective Use}},
    year = {2018},
    journal = {Perspectives on Psychological Science},
    author = {Buhrmester, Michael D. and Talaifar, Sanaz and Gosling, Samuel D.},
    number = {2},
    volume = {13},
    doi = {10.1177/1745691617706516},
    issn = {17456924}
}

@article{Sutton2006AnLearning,
    title = {{An introduction to conditional random fields for relational learning}},
    year = {2006},
    author = {Sutton, C and McCallum, A},
    url = {https://books.google.com/books?hl=pt-BR&lr=&id=lSkIewOw2WoC&oi=fnd&pg=PA93&dq=An+Introduction+to+Conditional+Random+Fields+for+Relational+Learning&ots=T0GNN6ffs2&sig=x5iE_c0eX2VJCN8PTNtDQy1t-lQ}
}

@inproceedings{FaustinoAmorim2023AnSurvey,
    title = {{An Investigation of Challenges in the Machine Learning Lifecycle and the Importance of MLOps: A survey}},
    year = {2023},
    author = {Faustino Amorim, Bruno and Costa, Lincoln and Carlos M. Souza, Francisco and Corr{\^{e}}a Souza, Alinne},
    doi = {10.14210/cotb.v14.p379-386}
}

@article{Begel2014AnalyzeEngineering,
    title = {{Analyze this! 145 Questions for Data Scientists in Software Engineering}},
    year = {2014},
    journal = {Proceedings - International Conference on Software Engineering},
    author = {Begel, Andrew and Zimmermann, Thomas},
    number = {1},
    month = {5},
    pages = {12--23},
    publisher = {IEEE Computer Society},
    doi = {10.1145/2568225.2568233},
    issn = {02705257},
    keywords = {Analytics, Data Science, Software Engineering}
}

@article{Pachter2002ApplicationsProblems,
    title = {{Applications of generalized pair Hidden Markov models to alignment and gene finding problems}},
    year = {2002},
    journal = {Journal of Computational Biology},
    author = {Pachter, Lior and Alexandersson, Marina and Cawley, Simon},
    number = {2},
    pages = {389--399},
    volume = {9},
    doi = {10.1089/10665270252935520},
    issn = {10665277},
    keywords = {Alignment, Comparative genomics, Gene finding, Hidden markov model}
}

@inproceedings{Hazelwood2018AppliedPerspective,
    title = {{Applied Machine Learning at Facebook: A Datacenter Infrastructure Perspective}},
    year = {2018},
    booktitle = {Proceedings - International Symposium on High-Performance Computer Architecture},
    author = {Hazelwood, Kim and Bird, Sarah and Brooks, David and Chintala, Soumith and Diril, Utku and Dzhulgakov, Dmytro and Fawzy, Mohamed and Jia, Bill and Jia, Yangqing and Kalro, Aditya and Law, James and Lee, Kevin and Lu, Jason and Noordhuis, Pieter and Smelyanskiy, Misha and Xiong, Liang and Wang, Xiaodong},
    volume = {2018-February},
    doi = {10.1109/HPCA.2018.00059},
    issn = {15300897}
}

@article{Karamitsos2020ApplyingLearning,
    title = {{Applying devops practices of continuous automation for machine learning}},
    year = {2020},
    journal = {Information (Switzerland)},
    author = {Karamitsos, Ioannis and Albarhami, Saeed and Apostolopoulos, Charalampos},
    number = {7},
    month = {7},
    pages = {1--15},
    volume = {11},
    publisher = {MDPI AG},
    doi = {10.3390/INFO11070363},
    keywords = {CD, CI, CRISP-DM, DevOps, Machine learning, Pipeline, SEMMA, TDSP}
}

@article{Karamitsos2020ApplyingLearningb,
    title = {{Applying DevOps Practices of Continuous Automation for Machine Learning}},
    year = {2020},
    journal = {Information (Switzerland)},
    author = {Karamitsos, Ioannis and Albarhami, Saeed and Apostolopoulos, Charalampos},
    number = {7},
    month = {7},
    pages = {1--15},
    volume = {11},
    publisher = {MDPI AG},
    doi = {10.3390/INFO11070363},
    issn = {20782489},
    keywords = {CD, CI, CRISP-DM, DevOps, Machine learning, Pipeline, SEMMA, TDSP}
}

@phdthesis{Mathias2015ArcaboucoRNA,
    title = {{Arcabou{\c{c}}o probabil{\'{i}}stico para an{\'{a}}lise de sequ{\^{e}}ncias de RNA}},
    year = {2015},
    author = {Mathias, Rafael},
    pages = {76},
    school = {Universidade de S{\~{a}}o Paulo}
}

@article{John2021ArchitectingLiterature,
    title = {{Architecting AI Deployment: A Systematic Review of State-of-the-Art and State-of-Practice Literature}},
    year = {2021},
    journal = {Lecture Notes in Business Information Processing},
    author = {John, Meenu Mary and Holmstr{\"{o}}m Olsson, Helena and Bosch, Jan},
    pages = {14--29},
    volume = {407},
    publisher = {Springer Science and Business Media Deutschland GmbH},
    isbn = {9783030672911},
    doi = {10.1007/978-3-030-67292-8{\_}2},
    issn = {18651356},
    keywords = {Challenges, Deep learning, Deployment, Grey literature review, Machine learning, Practices, Systematic literature review}
}

@article{Kumara2023ArchitectingPractice,
    title = {{Architecting MLOps in the Cloud: From Theory to Practice}},
    year = {2023},
    journal = {Proceedings - IEEE 20th International Conference on Software Architecture Companion, ICSA-C 2023},
    author = {Kumara, Indika and Pecorelli, Fabiano and Catolino, Gemma and Kazman, Rick and Tamburri, Damian Andrew and Van Den Heuvel, Willem Jan},
    pages = {333--335},
    publisher = {Institute of Electrical and Electronics Engineers Inc.},
    isbn = {9781665464598},
    doi = {10.1109/ICSA-C57050.2023.00076},
    keywords = {Architecture Design, Cloud, MLOps, Machine Learning Operations}
}

@article{Warnett2022ArchitecturalWorkflow,
    title = {{Architectural Design Decisions for the Machine Learning Workflow}},
    year = {2022},
    journal = {Computer},
    author = {Warnett, Stephen John and Zdun, Uwe},
    number = {3},
    month = {3},
    pages = {40--51},
    volume = {55},
    publisher = {IEEE Computer Society},
    doi = {10.1109/MC.2021.3134800},
    issn = {15580814}
}

@article{Singh2019ArchitectureLake,
    title = {{Architecture of Data Lake}},
    year = {2019},
    journal = {International Journal of Scientific Research in Computer Science, Engineering and Information Technology},
    author = {Singh, Ajit},
    month = {3},
    pages = {411--414},
    publisher = {Technoscience Academy},
    doi = {10.32628/CSEIT1952121}
}

@article{Lu2020ArtificialInnovation,
    title = {{Artificial intelligence and business innovation}},
    year = {2020},
    journal = {Proceedings - 2020 International Conference on E-Commerce and Internet Technology, ECIT 2020},
    author = {Lu, Jia},
    month = {4},
    pages = {237--240},
    publisher = {Institute of Electrical and Electronics Engineers Inc.},
    isbn = {9781728159027},
    doi = {10.1109/ECIT50008.2020.00061},
    keywords = {Artificial intelligence (AI), Banking innovation, Business innovation, Business model, Communications industry innovation, Component, Publishing innovation (key words)}
}

@article{Sgantzos2019ArtificialApplications,
    title = {{Artificial intelligence implementations on the blockchain. Use cases and future applications}},
    year = {2019},
    journal = {Future Internet},
    author = {Sgantzos, Konstantinos and Grigg, Ian},
    number = {8},
    month = {8},
    volume = {11},
    publisher = {MDPI AG},
    doi = {10.3390/FI11080170},
    keywords = {AGI, Blockchain, Cellular automata, Convolutional neural networks, Decentralized governance, Deep learning, Identity, Intelligence augmentation, IoT, Personalized medicine}
}

@article{Benbya2020ArtificialOpportunities,
    title = {{Artificial Intelligence in Organizations: Current State and Future Opportunities}},
    year = {2020},
    journal = {SSRN Electronic Journal},
    author = {Benbya, Hind and Davenport, Thomas H. and Pachidi, Stella},
    url = {https://www.ssrn.com/abstract=3741983},
    doi = {10.2139/SSRN.3741983},
    issn = {1556-5068}
}

@article{Emmert-Streib2020ArtificialStatus,
    title = {{Artificial Intelligence: A Clarification of Misconceptions, Myths and Desired Status}},
    year = {2020},
    journal = {Frontiers in Artificial Intelligence},
    author = {Emmert-Streib, Frank and Yli-Harja, Olli and Dehmer, Matthias},
    month = {12},
    pages = {91},
    volume = {3},
    publisher = {Frontiers Media S.A.},
    url = {https://www.frontiersin.org/articles/10.3389/frai.2020.524339/full},
    doi = {10.3389/FRAI.2020.524339/BIBTEX},
    issn = {26248212},
    keywords = {artificial general intelligence, artificial intelligence, data mining, data science, deep neural networks, machine learning, pattern recognition, statistics}
}

@book{RussellS2021Artificial4th,
    title = {{Artificial Intelligence: A Modern Approach, Global Edition 4th}},
    year = {2021},
    booktitle = {elibrary.pearson.de},
    author = {{Russell S} and {Norvig P}},
    edition = {4th},
    publisher = {Foundations},
    url = {https://elibrary.pearson.de/book/99.150005/9781292401171}
}

@article{Idowu2022AssetState-of-Practice,
    title = {{Asset Management in Machine Learning: State-of-Research and State-of-Practice}},
    year = {2022},
    journal = {ACM Computing Surveys},
    author = {Idowu, Samuel and Str{\"{u}}ber, Daniel and Berger, Thorsten},
    number = {7},
    month = {12},
    volume = {55},
    publisher = {Association for Computing Machinery},
    doi = {10.1145/3543847},
    issn = {15577341},
    keywords = {Machine learning, SE4AI, experiment management tools}
}

@article{Ashmore2021AssuringChallenges,
    title = {{Assuring the Machine Learning Lifecycle: Desiderata, Methods, and Challenges}},
    year = {2021},
    journal = {ACM Computing Surveys},
    author = {Ashmore, Rob and Calinescu, Radu and Paterson, Colin},
    number = {5},
    month = {6},
    volume = {54},
    publisher = {Association for Computing Machinery},
    arxivId = {1905.04223},
    keywords = {Machine learning lifecycle, assurance, assurance evidence, machine learning workflow, safety-critical systems}
}

@inproceedings{Vaswani2017AttentionNeed,
    title = {{Attention is all you need}},
    year = {2017},
    booktitle = {Advances in Neural Information Processing Systems},
    author = {Vaswani, Ashish and Shazeer, Noam and Parmar, Niki and Uszkoreit, Jakob and Jones, Llion and Gomez, Aidan N. and Kaiser, Łukasz and Polosukhin, Illia},
    volume = {2017-December},
    issn = {10495258}
}

@article{Gauy2021AudioCOVID-19,
    title = {{Audio MFCC-gram Transformers for respiratory insufficiency detection in COVID-19}},
    year = {2021},
    journal = {Anais do Simp{\'{o}}sio Brasileiro de Tecnologia da Informa{\c{c}}{\~{a}}o e da Linguagem Humana (STIL)},
    author = {Gauy, Marcelo Matheus and Finger, Marcelo},
    month = {11},
    pages = {143--152},
    publisher = {SBC},
    url = {https://sol.sbc.org.br/index.php/stil/article/view/17793},
    doi = {10.5753/STIL.2021.17793},
    issn = {0000-0000}
}

@misc{Hollerweger2012AuphonicAudio,
    title = {{Auphonic Blog: Opus, the revolutionary open audio codec for podcasts and internet audio}},
    year = {2012},
    author = {Hollerweger, Florian},
    month = {9},
    url = {https://auphonic.com/blog/2012/09/26/opus-revolutionary-open-audio-codec-podcasts-and-internet-audio/}
}

@inproceedings{Wilta2023AutomaticMetrics,
    title = {{Automatic Measurement of Microservice Architecture Quality with Cohesion, Coupling, and Complexity Metrics}},
    year = {2023},
    booktitle = {2023 10th International Conference on Advanced Informatics: Concept, Theory and Application, ICAICTA 2023},
    author = {Wilta, Alvin and Kistijantoro, Achmad Imam},
    doi = {10.1109/ICAICTA59291.2023.10390525}
}

@inproceedings{Bogner2017AutomaticallyReview,
    title = {{Automatically measuring the maintainability of service- and microservice-based systems - a literature review}},
    year = {2017},
    booktitle = {ACM International Conference Proceeding Series},
    author = {Bogner, Justus and Wagner, Stefan and Zimmermann, Alfred},
    volume = {Part F131936},
    doi = {10.1145/3143434.3143443}
}

@article{Moreno2012BalancingNeeds,
    title = {{Balancing software engineering education and industrial needs}},
    year = {2012},
    journal = {Journal of Systems and Software},
    author = {Moreno, Ana M. and Sanchez-Segura, Maria Isabel and Medina-Dominguez, Fuensanta and Carvajal, Laura},
    number = {7},
    month = {7},
    pages = {1607--1620},
    volume = {85},
    doi = {10.1016/J.JSS.2012.01.060},
    keywords = {Software engineer competences, Software engineer skills, Software engineering curricula, Software engineering education, Software industry profiles}
}

@article{Seringhaus2002BeginningBioinformatics,
    title = {{Beginning Perl for Bioinformatics}},
    year = {2002},
    journal = {The Yale journal of biology and medicine},
    author = {Seringhaus, Michael R.},
    number = {4},
    pages = {239},
    volume = {75},
    isbn = {0596000804},
    doi = {10.1093/bib/3.2.210},
    issn = {14675463}
}

@book{Ferreira2024BeingProject,
    title = {{Being Agile in a Data Science Project}},
    year = {2024},
    booktitle = {Lecture Notes in Business Information Processing},
    author = {Ferreira, Renato Cordeiro and Alves, Isaque and Alves, Samara Alvarez and Goldman, Alfredo},
    number = {},
    volume = {489 LNBIP},
    doi = {10.1007/978-3-031-48550-3{\_}6},
    keywords = {Agile, Data Science, Extreme Programming, Kanban, Machine Learning, Scrum, Software Engineering, XP Lab}
}

@article{CardosoSilva2020BenchmarkingProduction,
    title = {{Benchmarking Machine Learning Solutions in Production}},
    year = {2020},
    journal = {Proceedings - 19th IEEE International Conference on Machine Learning and Applications, ICMLA 2020},
    author = {Cardoso Silva, Lucas and Rezende Zagatti, Fernando and Silva Sette, Bruno and Nildaimon Dos Santos Silva, Lucas and Lucredio, Daniel and Furtado Silva, Diego and De Medeiros Caseli, Helena},
    month = {12},
    pages = {626--633},
    publisher = {Institute of Electrical and Electronics Engineers Inc.},
    doi = {10.1109/ICMLA51294.2020.00104},
    keywords = {Benchmark, MLOps, Machine Learning}
}

@article{Garousi2020BenefittingResearch,
    title = {{Benefitting from the Grey Literature in Software Engineering Research}},
    year = {2020},
    journal = {Contemporary Empirical Methods in Software Engineering},
    author = {Garousi, Vahid and Felderer, Michael and M{\"{a}}ntyl{\"{a}}, Mika V. and Rainer, Austen},
    pages = {385--413},
    publisher = {Springer International Publishing},
    doi = {10.1007/978-3-030-32489-6{\_}14},
    arxivId = {1911.12038}
}

@article{Auyeung2013BeyondProcessing.,
    title = {{Beyond secondary structure: primary-sequence determinants license pri-miRNA hairpins for processing.}},
    year = {2013},
    journal = {Cell},
    author = {Auyeung, Vincent C and Ulitsky, Igor and McGeary, Sean E and Bartel, David P},
    number = {4},
    month = {2},
    pages = {844--58},
    volume = {152},
    publisher = {Elsevier},
    url = {http://www.ncbi.nlm.nih.gov/pubmed/23415231 http://www.pubmedcentral.nih.gov/articlerender.fcgi?artid=PMC3707628},
    doi = {10.1016/j.cell.2013.01.031},
    issn = {1097-4172},
    pmid = {23415231}
}

@article{Flaounas2017BeyondCompany,
    title = {{Beyond the technical challenges for deploying Machine Learning solutions in a software company}},
    year = {2017},
    author = {Flaounas, Ilias},
    month = {8},
    url = {http://arxiv.org/abs/1708.02363},
    arxivId = {1708.02363}
}

@article{Huang2017BigIndustry,
    title = {{Big Data Analytics and Business Intelligence in Industry}},
    year = {2017},
    journal = {Information Systems Frontiers},
    author = {Huang, Shih Chia and McIntosh, Suzanne and Sobolevsky, Stanislav and Hung, Patrick C.K.},
    number = {6},
    month = {12},
    pages = {1229--1232},
    volume = {19},
    publisher = {Springer New York LLC},
    doi = {10.1007/S10796-017-9804-9},
    issn = {15729419}
}

@inproceedings{ElAlaoui2019BigApproaches,
    title = {{Big data quality metrics for sentiment analysis approaches}},
    year = {2019},
    booktitle = {ACM International Conference Proceeding Series},
    author = {El Alaoui, Imane and Gahi, Youssef and Messoussi, Rochdi},
    doi = {10.1145/3341620.3341629}
}

@article{Sagiroglu2013BigReview,
    title = {{Big data: A review}},
    year = {2013},
    journal = {Proceedings of the 2013 International Conference on Collaboration Technologies and Systems, CTS 2013},
    author = {Sagiroglu, Seref and Sinanc, Duygu},
    pages = {42--47},
    isbn = {9781467364027},
    doi = {10.1109/CTS.2013.6567202},
    keywords = {big data, value, variety, velocity, verification, volume}
}

@article{Cohen2004Bioinformatics---anScientists,
    title = {{Bioinformatics---an introduction for computer scientists}},
    year = {2004},
    journal = {ACM Computing Surveys},
    author = {Cohen, Jacques},
    number = {2},
    month = {6},
    pages = {122--158},
    volume = {36},
    publisher = {ACM},
    url = {http://dl.acm.org/citation.cfm?id=1031120.1031122},
    doi = {10.1145/1031120.1031122},
    issn = {03600300},
    keywords = {DNA, Molecular cell biology, RNA and protein structure, alignments, cell simulation and modeling, computer, dynamic programming, hidden-Markov-models, microarray, parsing biological sequences, phylogenetic trees}
}

@article{Durbin1998BiologicalAcids,
    title = {{Biological Sequence Analysis: Probabilistic Models of Proteins and Nucleic Acids}},
    year = {1998},
    journal = {Analysis},
    author = {Durbin, R and Eddy, S and Krogh, a and Mitchison, G},
    pages = {356},
    url = {http://eisc.univalle.edu.co/cursos/web/material/750068/1/6368030-Durbin-Et-Al-Biological-Sequence-Analysis-CUP-2002-No-OCR.pdf},
    isbn = {0521629713},
    doi = {10.1017/CBO9780511790492}
}

@article{Nakamoto2008Bitcoin:2008,
    title = {{Bitcoin: a peer-to-peer electronic cash system, October 2008}},
    year = {2008},
    journal = {Cited on},
    author = {Nakamoto, Satoshi}
}

@article{Salah2019BlockchainChallenges,
    title = {{Blockchain for AI: Review and open research challenges}},
    year = {2019},
    journal = {IEEE Access},
    author = {Salah, Khaled and Rehman, M. Habib Ur and Nizamuddin, Nishara and Al-Fuqaha, Ala},
    pages = {10127--10149},
    volume = {7},
    publisher = {Institute of Electrical and Electronics Engineers Inc.},
    doi = {10.1109/ACCESS.2018.2890507},
    keywords = {Artificial intelligence, blockchain, consensus protocols, cybersecurity, machine learning, smart contracts}
}

@article{Singh2020BlockIoTIntelligence:Intelligence,
    title = {{BlockIoTIntelligence: A Blockchain-enabled Intelligent IoT Architecture with Artificial Intelligence}},
    year = {2020},
    journal = {Future Generation Computer Systems},
    author = {Singh, Sushil Kumar and Rathore, Shailendra and Park, Jong Hyuk},
    month = {9},
    pages = {721--743},
    volume = {110},
    publisher = {North-Holland},
    doi = {10.1016/J.FUTURE.2019.09.002},
    issn = {0167-739X},
    keywords = {Artificial intelligence, Big data analysis, Blockchain, Internet of things, Security and privacy}
}

@article{Correia2020BrazilianDevelopment,
    title = {{Brazilian Data Scientists: Revealing their Challenges and Practices on Machine Learning Model Development}},
    year = {2020},
    journal = {ACM International Conference Proceeding Series},
    author = {Correia, João Lucas and Pereira, Juliana Alves and Mello, Rafael and Garcia, Alessandro and Fonseca, Baldoino and Ribeiro, Marcio and Gheyi, Rohit and Kalinowski, Marcos and Cerqueira, Renato and Tiengo, Willy},
    month = {12},
    publisher = {Association for Computing Machinery},
    isbn = {9781450389235},
    doi = {10.1145/3439961.3439971},
    keywords = {Empirical Study, Machine Learning, Practitioner, Software Engineering}
}

@article{Karlas2020BuildingLearning,
    title = {{Building Continuous Integration Services for Machine Learning}},
    year = {2020},
    journal = {Proceedings of the ACM SIGKDD International Conference on Knowledge Discovery and Data Mining},
    author = {Karla{\v{s}}, Bojan and Interlandi, Matteo and Renggli, Cedric and Wu, Wentao and Zhang, Ce and Mukunthu Iyappan Babu, Deepak and Edwards, Jordan and Lauren, Chris and Xu, Andy and Weimer, Markus},
    month = {8},
    pages = {2407--2415},
    publisher = {Association for Computing Machinery},
    isbn = {9781450379984},
    doi = {10.1145/3394486.3403290},
    keywords = {continuous integration, data management, machine learning, overfitting prevention, testing}
}

@book{Newman2015BuildingMicroservices,
    title = {{Building Microservices}},
    year = {2015},
    booktitle = {O'Reilly},
    author = {Newman, Sam}
}

@article{Devalla2023BuildingQuality,
    title = {{Building Trust in AI - A Simplified Guide to Ensure Software Quality}},
    year = {2023},
    journal = {Journal of Soft Computing Paradigm},
    author = {Devalla, Sahithi and Yogix, Manas Kumar},
    number = {3},
    month = {9},
    pages = {218--231},
    volume = {5},
    publisher = {Inventive Research Organization},
    doi = {10.36548/JSCP.2023.3.001}
}

@misc{Zhou2023BusinessReview,
    title = {{Business Process Complexity Measurement: A Systematic Literature Review}},
    year = {2023},
    booktitle = {IEEE Access},
    author = {Zhou, Changhong and Zhang, Dengliang and Chen, Deyan and Liu, Cong},
    volume = {11},
    doi = {10.1109/ACCESS.2023.3275764},
    issn = {21693536}
}

@misc{Sutter2004C++Practices,
    title = {{C++ coding standards : 101 rules, guidelines, and best practices}},
    year = {2004},
    booktitle = {Dispon{\'{i}}vel: http://www. possibility. com/Cpp/ {\ldots}},
    author = {Sutter, Herb and Alexandrescu, Andrei},
    isbn = {0321113586},
    doi = {10.1017/CBO9781139083683},
    issn = {03008495},
    pmid = {21301655}
}

@book{Sutter2004C++Practicesb,
    title = {{C++ coding standards: 101 rules, guidelines, and best practices}},
    year = {2004},
    author = {Sutter, Herb and Alexandrescu, Andrei},
    pages = {225},
    publisher = {Addison-Wesley Professional},
    isbn = {978-0321113580}
}

@book{Williams2012C++Multithreading,
    title = {{C++ Concurrency in Action: Practical Multithreading}},
    year = {2012},
    author = {Williams, Anthony},
    edition = {1st},
    pages = {530},
    publisher = {Manning Publications Co.},
    isbn = {9781933988771}
}

@article{Paleyes2022ChallengesStudies,
    title = {{Challenges in Deploying Machine Learning: A Survey of Case Studies}},
    year = {2022},
    journal = {ACM Computing Surveys},
    author = {Paleyes, Andrei and Urma, Raoul Gabriel and Lawrence, Neil D.},
    number = {6},
    month = {12},
    volume = {55},
    publisher = {ACMPUB27New York, NY},
    url = {https://dl.acm.org/doi/10.1145/3533378},
    doi = {10.1145/3533378},
    issn = {15577341},
    arxivId = {2011.09926},
    keywords = {Machine learning applications, sofware deployment}
}

@article{Paleyes2022ChallengesStudiesb,
    title = {{Challenges in Deploying Machine Learning: A Survey of Case Studies}},
    year = {2022},
    journal = {ACM Computing Surveys},
    author = {Paleyes, Andrei and Urma, Raoul Gabriel and Lawrence, Neil D.},
    number = {6},
    month = {12},
    volume = {55},
    publisher = {Association for Computing Machinery},
    doi = {10.1145/3533378},
    issn = {15577341},
    arxivId = {2011.09926},
    keywords = {Machine learning applications, sofware deployment}
}

@article{Wojewoda2015CHAOS2015,
    title = {{CHAOS Report 2015}},
    year = {2015},
    journal = {The Standish Group International Inc},
    author = {Wojewoda, Stéphane and Hastie, Shane}
}

@article{Lewis2021CharacterizingSystems,
    title = {{Characterizing and Detecting Mismatch in Machine Learning-enabled Systems}},
    year = {2021},
    journal = {Proceedings - 2021 IEEE/ACM 1st Workshop on AI Engineering - Software Engineering for AI, WAIN 2021},
    author = {Lewis, Grace A. and Bellomo, Stephany and Ozkaya, Ipek},
    month = {5},
    pages = {133--140},
    publisher = {Institute of Electrical and Electronics Engineers Inc.},
    isbn = {9781665444705},
    doi = {10.1109/WAIN52551.2021.00028},
    arxivId = {2103.14101},
    keywords = {machine learning, model engineering, software engineering, software engineering for machine learning}
}

@article{Sena2017CharacterizingStudy,
    title = {{Characterizing Big Data Software Architectures: A Systematic Mapping Study}},
    year = {2017},
    journal = {ACM International Conference Proceeding Series},
    author = {Sena, Bruno and Allian, Ana Paula and Nakagawa, Elisa Yumi},
    month = {9},
    volume = {Part F130660},
    publisher = {Association for Computing Machinery},
    isbn = {9781450353250},
    doi = {10.1145/3132498.3132510},
    keywords = {Big data system, Reference architecture, Software architecture, Systematic mapping study}
}

@article{Bogner2021CharacterizingStudy,
    title = {{Characterizing Technical Debt and Antipatterns in AI-Based Systems: A Systematic Mapping Study}},
    year = {2021},
    journal = {Proceedings - 2021 IEEE/ACM International Conference on Technical Debt, TechDebt 2021},
    author = {Bogner, Justus and Verdecchia, Roberto and Gerostathopoulos, Ilias},
    month = {5},
    pages = {64--73},
    publisher = {Institute of Electrical and Electronics Engineers Inc.},
    isbn = {9781665414050},
    doi = {10.1109/TECHDEBT52882.2021.00016},
    arxivId = {2103.09783},
    keywords = {Antipatterns, Artificial Intelligence, Machine Learning, Systematic Mapping Study, Technical Debt}
}

@article{Davis2019CloudPatterns,
    title = {{Cloud Native Patterns}},
    year = {2019},
    author = {Davis, Cornelia},
    pages = {400},
    url = {https://www.manning.com/books/cloud-native-patterns},
    institution = {Manning Publications Co.},
    isbn = {9781617294297}
}

@article{Nahar2022CollaborationProcess,
    title = {{Collaboration Challenges in Building ML-Enabled Systems: Communication, Documentation, Engineering, and Process}},
    year = {2022},
    journal = {Proceedings - International Conference on Software Engineering},
    author = {Nahar, Nadia and Zhou, Shurui and Lewis, Grace and Kastner, Christian},
    pages = {413--425},
    volume = {2022-May},
    publisher = {IEEE Computer Society},
    url = {https://dl.acm.org/doi/10.1145/3510003.3510209},
    isbn = {9781450392211},
    doi = {10.1145/3510003.3510209},
    issn = {02705257},
    arxivId = {2110.10234},
    keywords = {Machine Learning, SE4AI, SE4ML, Software Engineering}
}

@article{Takeuchi2023CollectingPractices,
    title = {{Collecting Insights and Developing Patterns for Machine Learning Projects Based on Project Practices}},
    year = {2023},
    journal = {Learning and Analytics in Intelligent Systems},
    author = {Takeuchi, Hironori and Imazaki, Kota and Kuno, Noriyoshi and Doi, Takuo and Motohashi, Yosuke},
    pages = {55--67},
    volume = {30},
    publisher = {Springer Nature},
    doi = {10.1007/978-3-031-17583-1{\_}5},
    issn = {26623455},
    keywords = {ML service system, Machine learning, Pattern}
}

@article{Kalin2021ColorDevelopment,
    title = {{Color Teams for Machine Learning Development}},
    year = {2021},
    author = {Kalin, Josh and Noever, David and Ciolino, Matthew},
    month = {10},
    url = {https://arxiv.org/abs/2110.10601v1},
    arxivId = {2110.10601},
    keywords = {Adversarial Attacks, Image Classification, Machine Learning, Neural Networks}
}

@article{Exter2018ComparingExperiences,
    title = {{Comparing computing professionals' perceptions of importance of skills and knowledge on the job and coverage in undergraduate experiences}},
    year = {2018},
    journal = {ACM Transactions on Computing Education},
    author = {Exter, Marisa and Caskurlu, Secil and Fernandez, Todd},
    number = {4},
    month = {11},
    volume = {18},
    publisher = {Association for Computing Machinery},
    doi = {10.1145/3218430},
    keywords = {Curriculum, Interpersonal skills, Math, Pedagogy, Professional skills, Teamwork}
}

@article{Saltz2017ComparingExperiment,
    title = {{Comparing data science project management methodologies via a controlled experiment}},
    year = {2017},
    journal = {Proceedings of the Annual Hawaii International Conference on System Sciences},
    author = {Saltz, Jeffrey S. and Shamshurin, Ivan and Crowston, Kevin},
    pages = {1013--1022},
    volume = {2017-January},
    publisher = {IEEE Computer Society},
    isbn = {9780998133102},
    doi = {10.24251/HICSS.2017.120},
    issn = {15301605}
}

@article{Polancic2017ComplexityReview,
    title = {{Complexity metrics for process models – A systematic literature review}},
    year = {2017},
    journal = {Computer Standards and Interfaces},
    author = {Polan{\v{c}}i{\v{c}}, Gregor and Cegnar, Blaž},
    volume = {51},
    doi = {10.1016/j.csi.2016.12.003},
    issn = {09205489}
}

@article{Johnson1997ComponentsPatterns,
    title = {{Components, frameworks, patterns}},
    year = {1997},
    journal = {ACM SIGSOFT Software Engineering Notes},
    author = {Johnson, Ralph E.},
    number = {3},
    month = {5},
    pages = {10--17},
    volume = {22},
    publisher = {ACM},
    url = {http://dl.acm.org/citation.cfm?id=258368.258378},
    isbn = {0-89791-945-9},
    doi = {10.1145/258368.258378},
    issn = {01635948}
}

@article{Ishikawa2018ConceptsArguments,
    title = {{Concepts in quality assessment for machine learning-from test data to arguments}},
    year = {2018},
    journal = {Lecture Notes in Computer Science (including subseries Lecture Notes in Artificial Intelligence and Lecture Notes in Bioinformatics)},
    author = {Ishikawa, Fuyuki},
    pages = {536--544},
    volume = {11157 LNCS},
    publisher = {Springer Verlag},
    isbn = {9783030008468},
    doi = {10.1007/978-3-030-00847-5{\_}39},
    issn = {16113349},
    keywords = {Arguments, Artificial intelligence, Assurance cases, Machine learning, Test management}
}

@article{Lafferty2001ConditionalData,
    title = {{Conditional random fields: Probabilistic models for segmenting and labeling sequence data}},
    year = {2001},
    author = {Lafferty, J and McCallum, A and Pereira, F},
    url = {http://www.jmlr.org/papers/volume15/doppa14a/source/biblio.bib.old}
}

@article{Lafferty2001ConditionalDatab,
    title = {{Conditional random fields: Probabilistic models for segmenting and labeling sequence data}},
    year = {2001},
    author = {Lafferty, J and McCallum, A and Pereira, F},
    url = {http://www.jmlr.org/papers/volume15/doppa14a/source/biblio.bib.old}
}

@article{DeCaprio2007Conrad:Fields,
    title = {{Conrad: Gene prediction using conditional random fields}},
    year = {2007},
    journal = {Genome Research},
    author = {DeCaprio, D. and Vinson, J. P. and Pearson, M. D. and Montgomery, P. and Doherty, M. and Galagan, J. E.},
    number = {9},
    month = {7},
    pages = {1389--1398},
    volume = {17},
    url = {http://www.pubmedcentral.nih.gov/articlerender.fcgi?artid=1950907&tool=pmcentrez&rendertype=abstract},
    doi = {10.1101/gr.6558107},
    issn = {1088-9051},
    pmid = {17690204},
    keywords = {Algorithms, Artificial Intelligence, Aspergillus nidulans, Aspergillus nidulans: genetics, Chromosomes, Fungal, Cryptococcus neoformans, Cryptococcus neoformans: genetics, Discriminant Analysis, Genes, Fungal, Likelihood Functions, Markov Chains, Reference Standards, Software}
}

@article{Yoon2006Context-sensitiveSequences,
    title = {{Context-sensitive hidden Markov models for modeling long-range dependencies in symbol sequences}},
    year = {2006},
    journal = {IEEE Transactions on Signal},
    author = {Yoon, BJ and Vaidyanathan, PP},
    url = {http://ieeexplore.ieee.org/abstract/document/1710364/}
}

@article{Sato2019ContinuousLearning,
    title = {{Continuous Delivery for Machine Learning}},
    year = {2019},
    journal = {Martin Fowler},
    author = {Sato, Danilo and Wider, Arif and Windheuser, Christoph}
}

@book{Humble2010ContinuousAutomation,
    title = {{Continuous Delivery: Reliable Software Releases through Build, Test, and Deployment Automation}},
    year = {2010},
    booktitle = {Continuous delivery},
    author = {Humble, Jezz and Farley, David},
    pages = {497},
    isbn = {9780321601919}
}

@inproceedings{Andrade2021ContinuousStudy,
    title = {{Continuous Integration for Machine Learning Experiments Reproducibility: a Practical Study}},
    year = {2021},
    author = {Andrade, A. M. and Pereira, M. B. and Silveira, S. H. S. and Linhares, F. I. F. and O. Neto, A. H. and Andrade, R. M. C. and Ara{\'{u}}jo, I. L.},
    doi = {10.5753/ise.2021.17279}
}

@article{Renggli2019ContinuousTreatment,
    title = {{Continuous Integration of Machine Learning Models with ease.ml/ci: Towards a Rigorous Yet Practical Treatment}},
    year = {2019},
    journal = {Proceedings of Machine Learning and Systems},
    author = {Renggli, Cedric and Karla{\v{s}}, Bojan and Ding, Bolin and Liu, Feng and Schawinski, Kevin and Wu, Wentao and Zhang, Ce},
    month = {4},
    pages = {322--333},
    volume = {1}
}

@article{Chenoweth2022CraftingEngineering,
    title = {{Crafting an Undergraduate Course at the Intersection of Machine Learning and Software Engineering}},
    year = {2022},
    journal = {Proceedings - Frontiers in Education Conference, FIE},
    author = {Chenoweth, Steve and Linos, Panagiotis K.},
    volume = {2022-October},
    publisher = {Institute of Electrical and Electronics Engineers Inc.},
    isbn = {9781665462440},
    doi = {10.1109/FIE56618.2022.9962523},
    issn = {15394565},
    keywords = {Machine Learning, Software Engineering}
}

@article{Wirth2000CRISP-DMMining,
    title = {{CRISP-DM : Towards a Standard Process Model for Data Mining}},
    year = {2000},
    journal = {Proceedings of the Fourth International Conference on the Practical Application of Knowledge Discovery and Data Mining},
    author = {Wirth, Rüdiger},
    number = {24959}
}

@article{Martinez-Plumed2021CRISP-DMTrajectories,
    title = {{CRISP-DM Twenty Years Later: From Data Mining Processes to Data Science Trajectories}},
    year = {2021},
    journal = {IEEE Transactions on Knowledge and Data Engineering},
    author = {Martinez-Plumed, Fernando and Contreras-Ochando, Lidia and Ferri, Cesar and Hernandez-Orallo, Jose and Kull, Meelis and Lachiche, Nicolas and Ramirez-Quintana, Maria Jose and Flach, Peter},
    number = {8},
    month = {8},
    pages = {3048--3061},
    volume = {33},
    publisher = {IEEE Computer Society},
    doi = {10.1109/TKDE.2019.2962680},
    issn = {15582191},
    keywords = {Data science trajectories, data mining, data-driven methodologies, knowledge discovery process}
}

@article{Polyzotis2018DataSurvey,
    title = {{Data Lifecycle Challenges in Production Machine Learning: A survey}},
    year = {2018},
    journal = {SIGMOD Record},
    author = {Polyzotis, Neoklis and Roy, Sudip and Whang, Steven Euijong and Zinkevich, Martin},
    number = {2},
    month = {6},
    pages = {17--28},
    volume = {47},
    publisher = {Association for Computing Machinery},
    doi = {10.1145/3299887.3299891},
    issn = {01635808}
}

@article{Polyzotis2017DataLearning,
    title = {{Data management challenges in production machine learning}},
    year = {2017},
    journal = {Proceedings of the ACM SIGMOD International Conference on Management of Data},
    author = {Polyzotis, Neoklis and Roy, Sudip and Whang, Steven Euijong and Zinkevich, Martin},
    month = {5},
    pages = {1723--1726},
    volume = {Part F127746},
    publisher = {Association for Computing Machinery},
    doi = {10.1145/3035918.3054782}
}

@article{Polyzotis2017DataLearningb,
    title = {{Data Management Challenges in Production Machine Learning}},
    year = {2017},
    journal = {Proceedings of the ACM SIGMOD International Conference on Management of Data},
    author = {Polyzotis, Neoklis and Roy, Sudip and Whang, Steven Euijong and Zinkevich, Martin},
    month = {5},
    pages = {1723--1726},
    volume = {Part F127746},
    publisher = {Association for Computing Machinery},
    isbn = {9781450341974},
    doi = {10.1145/3035918.3054782},
    issn = {07308078}
}

@article{Munappy2020DataOpportunities,
    title = {{Data Pipeline Management in Practice: Challenges and Opportunities}},
    year = {2020},
    journal = {Lecture Notes in Computer Science (including subseries Lecture Notes in Artificial Intelligence and Lecture Notes in Bioinformatics)},
    author = {Munappy, Aiswarya Raj and Bosch, Jan and Olsson, Helena Homström},
    pages = {168--184},
    volume = {12562 LNCS},
    publisher = {Springer Science and Business Media Deutschland GmbH},
    isbn = {9783030641474},
    doi = {10.1007/978-3-030-64148-1{\_}11},
    issn = {16113349},
    keywords = {Challenges, Data pipelines, Data quality, Infrastructure, Issues, Opportunities, Organizational}
}

@article{Foidl2024DataDevelopers,
    title = {{Data Pipeline Quality: Influencing Factors, Root Causes of Data-Related Issues, and Processing Problem Areas for Developers}},
    year = {2024},
    journal = {Journal of Systems and Software},
    author = {Foidl, Harald and Golendukhina, Valentina and Ramler, Rudolf and Felderer, Michael},
    volume = {207},
    doi = {10.1016/j.jss.2023.111855},
    issn = {01641212}
}

@article{Agrawal2019DataLearning,
    title = {{Data platform for machine learning}},
    year = {2019},
    journal = {Proceedings of the ACM SIGMOD International Conference on Management of Data},
    author = {Agrawal, Pulkit and Arya, Rajat and Bindal, Aanchal and Bhatia, Sandeep and Gagneja, Anupriya and Godlewski, Joseph and Low, Yucheng and Muss, Timothy and Paliwal, Mudit Manu and Raman, Sethu and Shah, Vishrut and Shen, Bochao and Sugden, Laura and Zhao, Kaiyu and Wu, Ming Chuan},
    month = {6},
    pages = {1803--1816},
    publisher = {Association for Computing Machinery},
    doi = {10.1145/3299869.3314050}
}

@article{Byabazaire2020DataIoT,
    title = {{Data Quality and Trust: Review of Challenges and Opportunities for Data Sharing in IoT}},
    year = {2020},
    journal = {Electronics (Switzerland)},
    author = {Byabazaire, John and O’hare, Gregory and Delaney, Declan},
    number = {12},
    volume = {9},
    doi = {10.3390/electronics9122083},
    issn = {20799292}
}

@article{Cao2018DataScience,
    title = {{Data Science}},
    year = {2018},
    journal = {ACM Computing Surveys},
    author = {Cao, Longbing},
    number = {3},
    month = {5},
    pages = {1--42},
    volume = {50},
    url = {https://dl.acm.org/doi/abs/10.1145/3076253},
    doi = {10.1145/3076253},
    issn = {0360-0300}
}

@article{Dhar2013DataPrediction,
    title = {{Data Science and Prediction}},
    year = {2013},
    journal = {Communications of the ACM},
    author = {Dhar, Vasant},
    number = {12},
    month = {12},
    pages = {64--73},
    volume = {56},
    url = {https://dl.acm.org/doi/abs/10.1145/2500499},
    doi = {10.1145/2500499},
    issn = {0001-0782}
}

@article{Davenport2012DataCentury,
    title = {{Data scientist: The sexiest job of the 21st century}},
    year = {2012},
    journal = {Harvard Business Review},
    author = {Davenport, Thomas H. and Patil, D. J.},
    number = {10},
    volume = {90},
    issn = {00178012}
}

@article{Kim2018DataChallenges,
    title = {{Data scientists in software teams: State of the art and challenges}},
    year = {2018},
    journal = {IEEE Transactions on Software Engineering},
    author = {Kim, Miryung and Zimmermann, Thomas and Deline, Robert and Begel, Andrew},
    number = {11},
    month = {11},
    pages = {1024--1038},
    volume = {44},
    publisher = {Institute of Electrical and Electronics Engineers Inc.},
    doi = {10.1109/TSE.2017.2754374},
    issn = {19393520},
    keywords = {Data science, Development roles, Industry, Software engineering}
}

@article{Lourenco2019DebuggingPipelines,
    title = {{Debugging machine learning pipelines}},
    year = {2019},
    journal = {Proceedings of the ACM SIGMOD International Conference on Management of Data},
    author = {Louren{\c{c}}o, Raoni and Freire, Juliana and Shasha, Dennis},
    month = {6},
    publisher = {Association for Computing Machinery},
    doi = {10.1145/3329486.3329489}
}

@book{IanGoodfellow2016DeepLearning,
    title = {{Deep Learning}},
    year = {2016},
    booktitle = {MIT Press},
    author = {{Ian Goodfellow} and {Yoshua Bengio} and {Aaron Courville}},
    edition = {},
    pages = {1--800},
    publisher = {The MIT Press},
    isbn = {978-0262035613}
}

@article{Casanova2021DeepSpeech,
    title = {{Deep Learning against COVID-19: Respiratory Insufficiency Detection in Brazilian Portuguese Speech}},
    year = {2021},
    journal = {Findings of the Association for Computational Linguistics},
    author = {Casanova, Edresson and Gris, Lucas and Camargo, Augusto and Da Silva, Daniel and Gazzola, Murilo and Sabino, Ester and Levin, Anna S and Candido, Arnaldo and Aluisio, Sandra and Finger, Marcelo},
    pages = {625--633},
    url = {https://aclanthology.org/2021.findings-acl.55.pdf},
    doi = {10.18653/v1/2021.findings-acl.55}
}

@article{Ruf2021DemystifyingTools,
    title = {{Demystifying MLOps and presenting a recipe for the selection of open-source tools}},
    year = {2021},
    journal = {Applied Sciences (Switzerland)},
    author = {Ruf, Philipp and Madan, Manav and Reich, Christoph and Ould-Abdeslam, Djaffar},
    number = {19},
    volume = {11},
    doi = {10.3390/app11198861},
    issn = {20763417}
}

@phdthesis{Bonadio2013DesenvolvimentoCondicionais,
    title = {{Desenvolvimento de um arcabou{\c{c}}o probabil{\'{i}}stico para implementa{\c{c}}{\~{a}}o de campos aleat{\'{o}}rios condicionais}},
    year = {2013},
    author = {Bonadio, Ígor},
    pages = {58},
    url = {http://igorbonadio.com.br/files/dissertacao-igor.pdf},
    school = {Universidade de S{\~{a}}o Paulo},
    keywords = {Bioinform{\'{a}}tica, Infer{\^{e}}ncia Estat{\'{i}}stica, Simula{\c{c}}{\~{a}}o}
}

@book{KasunIndrasiri2021DesignApplications,
    title = {{Design Patterns for Cloud Native Applications}},
    year = {2021},
    booktitle = {O'Reilly Media, Inc.},
    author = {{Kasun Indrasiri} and {Sriskandarajah Suhothayan}}
}

@book{Gamma1995DesignSoftware,
    title = {{Design patterns: elements of reusable object-oriented software}},
    year = {1995},
    author = {Gamma, Erich and Helm, Richard and Johnson, Ralph and Vlissides, John},
    pages = {429},
    volume = {47},
    publisher = {Addison-Wesley Longman Publishing Co., Inc.},
    isbn = {0-201-63361-2},
    doi = {10.1016/j.artmed.2009.05.004}
}

@article{Martin2000DesignPatterns,
    title = {{Design principles and design patterns}},
    year = {2000},
    journal = {Object Mentor},
    author = {Martin, RC},
    url = {http://scm0329.googlecode.com/svn-history/r78/trunk/book/Principles_and_Patterns.pdf}
}

@book{Verschuren2010DesigningDesign,
    title = {{Designing a Research Project: Project Design}},
    year = {2010},
    booktitle = {Designing a Research Project},
    author = {Verschuren, Piet and Doorewaard, Hans},
    issn = {0717-6163}
}

@book{Kleppmann2017DesigningSystems,
    title = {{Designing Data-Intensive Applications: The Big Ideas behind Reliable, Scalable, and Maintainable Systems}},
    year = {2017},
    booktitle = {O'Reilly Media, Inc.},
    author = {Kleppmann, Martin},
    isbn = {978-1449373320}
}

@article{Finger2021DetectingProject,
    title = {{Detecting Respiratory Insufficiency by Voice Analysis: the SPIRA project}},
    year = {2021},
    journal = {Acoustic communication : an interdisciplinary approach},
    author = {Finger, Marcelo and Alu{\'{i}}sio, Sandra Maria and Spazzapan, Evelyn Alves and Berti, Larissa Cristina and Camargo Neto, Augusto César de and Candido Junior, Arnaldo and Casanova, Edresson and Svartman, Flaviane Romani Fernandes and Ferreira, Renato Cordeiro and Fernandes Jr, Ricardo and Goldman, Alfredo and Gris, Lucas R and Leyton, Pedro and Levin, Anna Sara Shafferman and Martins, Marcus Vinicíus Moreira and Queiroz, Marcelo Gomes de and Quirino, J Henrique and Medeiros, Beatriz Raposo de and Sabino, Ester Cerdeira and Silva, Daniel da},
    month = {8},
    publisher = {Universidade de S{\~{a}}o Paulo. Instituro de Psicologia},
    url = {https://repositorio.usp.br/item/003052068},
    doi = {10.11606/9786587596198}
}

@article{John2020DevelopingFramework,
    title = {{Developing ML/DL Models: A design framework}},
    year = {2020},
    journal = {Proceedings - 2020 IEEE/ACM International Conference on Software and System Processes, ICSSP 2020},
    author = {John, Meenu Mary and Olsson, Helena Holmström and Bosch, Jan},
    month = {6},
    pages = {1--10},
    publisher = {Association for Computing Machinery, Inc},
    isbn = {9781450375122},
    doi = {10.1145/3379177.3388892},
    keywords = {Artificial Intelligence, Deep Learning, Design, Machine Learning, Software Engineering}
}

@article{Lwakatare2020DevOpsApplications,
    title = {{DevOps for AI - Challenges in Development of AI-enabled Applications}},
    year = {2020},
    journal = {2020 28th International Conference on Software, Telecommunications and Computer Networks, SoftCOM 2020},
    author = {Lwakatare, Lucy Ellen and Crnkovic, Ivica and Bosch, Jan},
    month = {9},
    publisher = {Institute of Electrical and Electronics Engineers Inc.},
    isbn = {9789532900996},
    doi = {10.23919/SOFTCOM50211.2020.9238323},
    keywords = {AI, Agile software development, Machine Learning}
}

@book{Evans2004Domain-drivenSoftware,
    title = {{Domain-driven design : tackling complexity in the heart of software}},
    year = {2004},
    author = {Evans, Eric},
    pages = {529},
    publisher = {Addison-Wesley},
    isbn = {0321125215}
}

@article{AvciSalma2017Domain-DrivenArchitecture,
    title = {{Domain-Driven Design of Big Data Systems Based on a Reference Architecture}},
    year = {2017},
    journal = {Software Architecture for Big Data and the Cloud},
    author = {Avci Salma, Cigdem and Tekinerdogan, Bedir and Athanasiadis, Ioannis N.},
    month = {1},
    pages = {49--68},
    publisher = {Morgan Kaufmann},
    doi = {10.1016/B978-0-12-805467-3.00004-1}
}

@phdthesis{Murphy2002DynamicLearning,
    title = {{Dynamic bayesian networks: representation, inference and learning}},
    year = {2002},
    author = {Murphy, Kevin Patrick},
    publisher = {University of California, Berkeley}
}

@book{Meyers2005EffectiveDesigns,
    title = {{Effective C++: 55 Specific Ways to Improve Your Programs and Designs}},
    year = {2005},
    author = {Meyers, Scott},
    edition = {3rd},
    pages = {321},
    publisher = {Addison Wesley Longman Publishing Co., Inc.},
    isbn = {978-0-321-51582-7; 0-321-51582-X}
}

@book{Meyers2014Effective14,
    title = {{Effective Modern C++: 42 Specific Ways to Improve Your Use of C++ 11 and C++ 14}},
    year = {2014},
    author = {Meyers, Scott},
    edition = {1st},
    pages = {334},
    publisher = {O'Reilly Media},
    isbn = {978-1-491-90399-5}
}

@book{Meyers2001EffectiveLibrary,
    title = {{Effective STL: 50 Specific Ways to Improve Your Use of the Standard Template Library}},
    year = {2001},
    author = {Meyers, Scott},
    edition = {2nd},
    pages = {198},
    publisher = {Addison Wesley Longman Publishing Co., Inc.},
    url = {https://scholar.google.com.br/scholar?hl=pt-BR&q=effective+stl&btnG=&lr=#3}
}

@article{Idowu2022EMMM:Experiments,
    title = {{EMMM: A Unified Meta-Model for Tracking Machine Learning Experiments}},
    year = {2022},
    journal = {Proceedings - 48th Euromicro Conference on Software Engineering and Advanced Applications, SEAA 2022},
    author = {Idowu, Samuel and Str{\"{u}}ber, Daniel and Berger, Thorsten},
    pages = {48--55},
    publisher = {Institute of Electrical and Electronics Engineers Inc.},
    isbn = {9781665461528},
    doi = {10.1109/SEAA56994.2022.00016},
    keywords = {MDE, Machine learning experiments, Management tools, Metamodeling}
}

@article{Bosch2020EngineeringAgenda,
    title = {{Engineering AI Systems: A Research Agenda}},
    year = {2020},
    author = {Bosch, Jan and Crnkovic, Ivica and Olsson, Helena Holmström},
    month = {1},
    url = {http://arxiv.org/abs/2001.07522},
    arxivId = {2001.07522}
}

@article{Kuwajima2020EngineeringSystems,
    title = {{Engineering problems in machine learning systems}},
    year = {2020},
    journal = {Machine Learning},
    author = {Kuwajima, Hiroshi and Yasuoka, Hirotoshi and Nakae, Toshihiro},
    number = {5},
    month = {5},
    pages = {1103--1126},
    volume = {109},
    publisher = {Springer},
    doi = {10.1007/S10994-020-05872-W},
    issn = {15730565},
    arxivId = {1904.00001},
    keywords = {Automated driving, Machine learning, Quality models, Safety critical systems, Software engineering, Systems engineering}
}

@article{Takeuchi2021EnterpriseSystems,
    title = {{Enterprise Architecture based Representation of Architecture and Design Patterns for Machine Learning Systems}},
    year = {2021},
    journal = {Proceedings - IEEE International Enterprise Distributed Object Computing Workshop, EDOCW},
    author = {Takeuchi, Hironori and Doi, Takuo and Washizaki, Hironori and Okuda, Satoshi and Yoshioka, Nobukazu},
    pages = {245--250},
    publisher = {Institute of Electrical and Electronics Engineers Inc.},
    isbn = {9781665444880},
    doi = {10.1109/EDOCW52865.2021.00055},
    issn = {15417719},
    keywords = {Architecture and design pattern, Enterprise architecture, Machine learning service system}
}

@article{Viterbi1967ErrorAlgorithm,
    title = {{Error Bounds for Convolutional Codes and an Asymptotically Optimum Decoding Algorithm}},
    year = {1967},
    journal = {IEEE Transactions on Information Theory},
    author = {Viterbi, Andrew J.},
    doi = {10.1109/TIT.1967.1054010},
    issn = {15579654}
}

@article{Calvaresi2020EthicalTechnology,
    title = {{Ethical Concerns and Opportunities in Binding Intelligent Systems and Blockchain Technology}},
    year = {2020},
    journal = {Communications in Computer and Information Science},
    author = {Calvaresi, Davide and Piguet, Jean-Gabriel and Calbimonte, Jean-Paul and Kampik, Timotheus and Najjar, Amro and Gadek, Guillaume and Schumacher, Michael},
    month = {10},
    pages = {5--16},
    volume = {1233 CCIS},
    publisher = {Springer, Cham},
    url = {https://link.springer.com/chapter/10.1007/978-3-030-51999-5_1},
    doi = {10.1007/978-3-030-51999-5{\_}1},
    keywords = {Blockchain, Ethics, Multi-Agent Systems, Transparency, Trust}
}

@inproceedings{Engel2018EvaluationApproach,
    title = {{Evaluation of Microservice Architectures: A metric and tool-based approach}},
    year = {2018},
    booktitle = {Lecture Notes in Business Information Processing},
    author = {Engel, Thomas and Langermeier, Melanie and Bauer, Bernhard and Hofmann, Alexander},
    volume = {317},
    doi = {10.1007/978-3-319-92901-9{\_}8},
    issn = {18651348}
}

@article{Nguessan2023EventsArchitecture,
    title = {{Events Sourcing and Command Query Responsibility Segregation Based Fast Data Architecture}},
    year = {2023},
    journal = {Open Journal of Applied Sciences},
    author = {N’guessan, Gérard Behou and Achiepo, Odilon Yapo and Diako, Jérôme},
    number = {02},
    volume = {13},
    doi = {10.4236/ojapps.2023.132016},
    issn = {2165-3917}
}

@misc{EvernoteTecMundo,
    title = {{Evernote Hackathon 2012: confira o que rolou no evento e saiba tudo sobre o aplicativo vencedor - TecMundo}},
    url = {https://www.tecmundo.com.br/evernote/32835-evernote-hackathon-2012-confira-o-que-rolou-no-evento-e-saiba-tudo-sobre-o-aplicativo-vencedor.htm}
}

@article{Pervaiz2019ExaminingPipeline,
    title = {{Examining the challenges in development data pipeline}},
    year = {2019},
    journal = {COMPASS 2019 - Proceedings of the 2019 Conference on Computing and Sustainable Societies},
    author = {Pervaiz, Fahad and Vashistha, Aditya and Anderson, Richard},
    month = {7},
    pages = {13--21},
    publisher = {Association for Computing Machinery, Inc},
    doi = {10.1145/3314344.3332496},
    keywords = {Data analysis, Data cleaning, Data collection, Global development, HCI4D, ICTD}
}

@article{Basili1986ExperimentationEngineering,
    title = {{Experimentation in Software Engineering}},
    year = {1986},
    journal = {IEEE Transactions on Software Engineering},
    author = {Basili, Victor R. and Selby, Richard W. and Hutchens, David H.},
    number = {7},
    volume = {SE-12},
    doi = {10.1109/TSE.1986.6312975},
    issn = {00985589}
}

@book{Wohlin2012ExperimentationEngineering,
    title = {{Experimentation in Software Engineering}},
    year = {2012},
    booktitle = {Experimentation in Software Engineering},
    author = {Wohlin, Claes and Runeson, Per and H{\"{o}}st, Martin and Ohlsson, Magnus C. and Regnell, Björn and Wessl{\'{e}}n, Anders},
    volume = {9783642290442},
    doi = {10.1007/978-3-642-29044-2}
}

@article{Basili1986ExperimentationEngineeringb,
    title = {{Experimentation in Software Engineering}},
    year = {1986},
    journal = {IEEE Transactions on Software Engineering},
    author = {Basili, Victor R. and Selby, Richard W. and Hutchens, David H.},
    number = {7},
    pages = {733--743},
    volume = {SE-12},
    doi = {10.1109/TSE.1986.6312975},
    issn = {00985589},
    keywords = {Controlled experiment, data collection and analysis, empirical study, experimental design, software metrics, software technology measurement and evaluation}
}

@article{Basili1986ExperimentationEngineeringc,
    title = {{Experimentation in Software Engineering}},
    year = {1986},
    journal = {IEEE Transactions on Software Engineering},
    author = {Basili, Victor R. and Selby, Richard W. and Hutchens, David H.},
    number = {7},
    pages = {733--743},
    volume = {SE-12},
    doi = {10.1109/TSE.1986.6312975},
    issn = {00985589},
    keywords = {Controlled experiment, data collection and analysis, empirical study, experimental design, software metrics, software technology measurement and evaluation}
}

@article{Tantithamthavorn2021ExplainableEngineering,
    title = {{Explainable AI for Software Engineering}},
    year = {2021},
    journal = {Proceedings - 2021 36th IEEE/ACM International Conference on Automated Software Engineering, ASE 2021},
    author = {Tantithamthavorn, Chakkrit Kla and Jiarpakdee, Jirayus},
    pages = {1--2},
    publisher = {Institute of Electrical and Electronics Engineers Inc.},
    isbn = {9781665403375},
    doi = {10.1109/ASE51524.2021.9678580},
    arxivId = {2012.01614},
    keywords = {Explainable AI, Software Engineering}
}

@book{Beck1999ExtremeChange,
    title = {{Extreme Programming Explained: Embrace Change}},
    year = {1999},
    booktitle = {XP Series},
    author = {Beck, Kent},
    number = {c},
    pages = {224}
}

@book{Wampler2016FastApplications,
    title = {{Fast Data Architecture for Streaming Applications}},
    year = {2016},
    booktitle = {O'Reilly},
    author = {Wampler, Dean}
}

@article{Latva-Koivisto2001FindingModels,
    title = {{Finding a complexity measure for business process models}},
    year = {2001},
    journal = {Complexity},
    author = {Latva-Koivisto, Antti M}
}

@article{Lwakatare2020FromSystems,
    title = {{From a Data Science Driven Process to a Continuous Delivery Process for Machine Learning Systems}},
    year = {2020},
    journal = {Lecture Notes in Computer Science (including subseries Lecture Notes in Artificial Intelligence and Lecture Notes in Bioinformatics)},
    author = {Lwakatare, Lucy Ellen and Crnkovic, Ivica and R{\aa}nge, Ellinor and Bosch, Jan},
    month = {11},
    pages = {185--201},
    volume = {12562 LNCS},
    publisher = {Springer, Cham},
    url = {https://link.springer.com/chapter/10.1007/978-3-030-64148-1_12},
    doi = {10.1007/978-3-030-64148-1{\_}12},
    keywords = {Continuous delivery, Machine learning system, Software process}
}

@article{Lwakatare2020FromSystemsb,
    title = {{From a Data Science Driven Process to a Continuous Delivery Process for Machine Learning Systems}},
    year = {2020},
    journal = {Lecture Notes in Computer Science (including subseries Lecture Notes in Artificial Intelligence and Lecture Notes in Bioinformatics)},
    author = {Lwakatare, Lucy Ellen and Crnkovic, Ivica and R{\aa}nge, Ellinor and Bosch, Jan},
    pages = {185--201},
    volume = {12562 LNCS},
    publisher = {Springer Science and Business Media Deutschland GmbH},
    isbn = {9783030641474},
    doi = {10.1007/978-3-030-64148-1{\_}12},
    issn = {16113349},
    keywords = {Continuous delivery, Machine learning system, Software process}
}

@article{Munappy2020FromDataOps,
    title = {{From Ad-Hoc data analytics to DataOps}},
    year = {2020},
    journal = {Proceedings - 2020 IEEE/ACM International Conference on Software and System Processes, ICSSP 2020},
    author = {Munappy, Aiswarya Raj and Mattos, David Issa and Bosch, Jan and Olsson, Helena Holmström and Dakkak, Anas},
    month = {6},
    pages = {165--174},
    publisher = {Association for Computing Machinery, Inc},
    isbn = {9781450375122},
    doi = {10.1145/3379177.3388909},
    keywords = {Agile Methodology, Continuous Monitoring, Data Pipelines, Data technologies, DataOps, DevOps}
}

@article{Subramanya2022FromForecasting,
    title = {{From DevOps to MLOps: Overview and Application to Electricity Market Forecasting}},
    year = {2022},
    journal = {Applied Sciences (Switzerland)},
    author = {Subramanya, Rakshith and Sierla, Seppo and Vyatkin, Valeriy},
    number = {19},
    volume = {12},
    doi = {10.3390/app12199851},
    issn = {20763417}
}

@inproceedings{Vartak2021FromMlops,
    title = {{From ML models to intelligent applications: The rise of mlops}},
    year = {2021},
    booktitle = {Proceedings of the VLDB Endowment},
    author = {Vartak, Manasi},
    number = {13},
    volume = {14},
    doi = {10.14778/3484224.3484240},
    issn = {21508097}
}

@book{Reis2022FundamentalsSystems,
    title = {{Fundamentals of Data Engineering: Plan and Build Robust Data Systems}},
    year = {2022},
    author = {Reis, Joe (Joseph) and Housley, Matthew L.},
    pages = {1--422},
    url = {https://www.oreilly.com/library/view/fundamentals-of-data/9781098108298/},
    isbn = {9781098108304}
}

@article{Nystrom2014GamePatterns,
    title = {{Game programming patterns}},
    year = {2014},
    author = {Nystrom, R},
    url = {https://books.google.com.br/books?hl=pt-BR&lr=&id=9fIwBQAAQBAJ&oi=fnd&pg=PA1&dq=game+programming+patterns&ots=C63KfYhWjz&sig=bwQf4x0deE1GWqcB7hwzj90GekY}
}

@article{Radermacher2013GapsGraduates,
    title = {{Gaps between industry expectations and the abilities of graduates}},
    year = {2013},
    journal = {SIGCSE 2013 - Proceedings of the 44th ACM Technical Symposium on Computer Science Education},
    author = {Radermacher, Alex and Walia, Gursimran},
    pages = {525--530},
    publisher = {Association for Computing Machinery},
    doi = {10.1145/2445196.2445351},
    keywords = {Computer science education, Computer science pedagogy, Knowledge deficiency, Required skills, Software developer}
}

@article{Korf2004GeneGenomes.,
    title = {{Gene finding in novel genomes.}},
    year = {2004},
    journal = {BMC bioinformatics},
    author = {Korf, Ian},
    month = {5},
    pages = {59},
    volume = {5},
    url = {http://www.pubmedcentral.nih.gov/articlerender.fcgi?artid=421630&tool=pmcentrez&rendertype=abstract},
    doi = {10.1186/1471-2105-5-59},
    issn = {1471-2105},
    pmid = {15144565},
    keywords = {Animals, Arabidopsis, Arabidopsis: genetics, Caenorhabditis elegans, Caenorhabditis elegans: genetics, Computational Biology, Computational Biology: methods, Databases, Genetic, Drosophila melanogaster, Drosophila melanogaster: genetics, Genes, Genes, Helminth, Genes, Helminth: genetics, Genes, Insect, Genes, Insect: genetics, Genes, Plant, Genes, Plant: genetics, Genes: genetics, Genetic Variation, Genetic Variation: genetics, Genome, Genome, Plant, Predictive Value of Tests, Software}
}

@article{Stanke2003GeneSubmodel,
    title = {{Gene prediction with a hidden Markov model and a new intron submodel}},
    year = {2003},
    journal = {Bioinformatics},
    author = {Stanke, M. and Waack, S.},
    number = {Suppl 2},
    month = {10},
    pages = {ii215-ii225},
    volume = {19},
    url = {http://bioinformatics.oxfordjournals.org/content/19/suppl_2/ii215.abstract},
    doi = {10.1093/bioinformatics/btg1080},
    issn = {1367-4803}
}

@article{Bernal2007GlobalPrediction.,
    title = {{Global discriminative learning for higher-accuracy computational gene prediction.}},
    year = {2007},
    journal = {PLoS computational biology},
    author = {Bernal, Axel and Crammer, Koby and Hatzigeorgiou, Artemis and Pereira, Fernando},
    number = {3},
    month = {3},
    pages = {e54},
    volume = {3},
    publisher = {Public Library of Science},
    url = {http://journals.plos.org/ploscompbiol/article?id=10.1371/journal.pcbi.0030054},
    doi = {10.1371/journal.pcbi.0030054},
    issn = {1553-7358},
    pmid = {17367206},
    keywords = {Algorithms, Artificial Intelligence, Discriminant Analysis, Exons, Open Reading Frames, Open Reading Frames: genetics, Pattern Recognition, Automated, Pattern Recognition, Automated: methods, Proteins, Proteins: genetics, Sensitivity and Specificity, Sequence Alignment, Sequence Alignment: methods, Sequence Analysis, DNA, Sequence Analysis, DNA: methods}
}

@article{Rodriguez2020GoodIndustry,
    title = {{Good practices for the adoption of DataOps in the software industry}},
    year = {2020},
    journal = {Journal of Physics: Conference Series},
    author = {Rodriguez, Manuel and De Ara{\'{u}}jo, Luiz Jonatã Pires and Mazzara, Manuel},
    number = {1},
    month = {12},
    volume = {1694},
    publisher = {IOP Publishing Ltd},
    doi = {10.1088/1742-6596/1694/1/012032},
    issn = {17426596}
}

@article{Stol2016GroundedGuidelines,
    title = {{Grounded Theory in Software Engineering Research: A Critical Review and Guidelines}},
    year = {2016},
    journal = {Proceedings - International Conference on Software Engineering},
    author = {Stol, Klaas Jan and Ralph, Paul and Fitzgerald, Brian},
    month = {5},
    pages = {120--131},
    volume = {14-22-May-2016},
    publisher = {IEEE Computer Society},
    url = {https://dl.acm.org/doi/10.1145/2884781.2884833},
    isbn = {9781450339001},
    doi = {10.1145/2884781.2884833},
    issn = {02705257},
    keywords = {Grounded theory, Guidelines, Review, Software engineering}
}

@book{Shull2008GuideEngineering,
    title = {{Guide to Advanced Empirical Software Engineering}},
    year = {2008},
    booktitle = {Guide to Advanced Empirical Software Engineering},
    author = {Shull, Forrest and Singer, Janice and Sj{\o}berg, Dag I.K.},
    doi = {10.1007/978-1-84800-044-5}
}

@article{Garousi2019GuidelinesEngineering,
    title = {{Guidelines for Including Grey Literature and Conducting Multivocal Literature Reviews in Software Engineering}},
    year = {2019},
    journal = {Information and Software Technology},
    author = {Garousi, Vahid and Felderer, Michael and M{\"{a}}ntyl{\"{a}}, Mika V.},
    month = {2},
    pages = {101--121},
    volume = {106},
    publisher = {Elsevier B.V.},
    doi = {10.1016/J.INFSOF.2018.09.006},
    issn = {09505849},
    arxivId = {1707.02553},
    keywords = {Evidence-based software engineering, Grey literature, Guidelines, Literature study, Multivocal literature review, Systematic literature review, Systematic mapping study}
}

@article{Wohlin2014GuidelinesEngineering,
    title = {{Guidelines for snowballing in systematic literature studies and a replication in software engineering}},
    year = {2014},
    journal = {ACM International Conference Proceeding Series},
    author = {Wohlin, Claes},
    publisher = {Association for Computing Machinery},
    doi = {10.1145/2601248.2601268},
    keywords = {Replication, Snowball search, Snowballing, Systematic literature review, Systematic mapping studies}
}

@article{Wohlin2014GuidelinesEngineeringb,
    title = {{Guidelines for Snowballing in Systematic Literature Studies and a Replication in Software Engineering}},
    year = {2014},
    journal = {ACM International Conference Proceeding Series},
    author = {Wohlin, Claes},
    publisher = {Association for Computing Machinery},
    isbn = {9781450324762},
    doi = {10.1145/2601248.2601268},
    keywords = {Replication, Snowball search, Snowballing, Systematic literature review, Systematic mapping studies}
}

@article{Ferreira2020H.I.D.R.A.:Categorization,
    title = {{H.I.D.R.A.: A Hierarchical, Interactive and Dynamic Recognition Architecture for Product Categorization}},
    year = {2020},
    journal = {Anais Estendidos do Congresso Brasileiro de Software: Teoria e Pr{\'{a}}tica (CBSoft)},
    author = {Ferreira, Renato Cordeiro and Bonadio, Ígor and Resende, Vinicius and Marouelli, Beatriz and Koch, Junior and Oliveira, Henrique and Fadelli, Leandro and Alponti, Helton and Formento, André and Vedovato, Rodrigo},
    month = {10},
    pages = {139--143},
    publisher = {SBC},
    doi = {10.5753/CBSOFT{\_}ESTENDIDO.2020.14622}
}

@article{Yu2010HiddenModels,
    title = {{Hidden semi-Markov models}},
    year = {2010},
    journal = {Artificial intelligence},
    author = {Yu, SZ},
    url = {http://www.sciencedirect.com/science/article/pii/S0004370209001416}
}

@inproceedings{Sculley2015HiddenSystems,
    title = {{Hidden Technical Debt in Machine Learning Systems}},
    year = {2015},
    booktitle = {Advances in Neural Information Processing Systems},
    author = {Sculley, D. and Holt, Gary and Golovin, Daniel and Davydov, Eugene and Phillips, Todd and Ebner, Dietmar and Chaudhary, Vinay and Young, Michael and Crespo, Jean François and Dennison, Dan},
    volume = {2015-January},
    issn = {10495258}
}

@article{Conway1968HowInvent,
    title = {{How do committees invent}},
    year = {1968},
    journal = {Datamation},
    author = {Conway, Melvin},
    number = {4},
    volume = {14},
    issn = {00116963}
}

@article{Zhang2020HowTools,
    title = {{How do Data Science Workers Collaborate? Roles, Workflows, and Tools}},
    year = {2020},
    journal = {Proceedings of the ACM on Human-Computer Interaction},
    author = {Zhang, Amy X. and Muller, Michael and Wang, Dakuo},
    number = {CSCW1},
    month = {5},
    volume = {4},
    publisher = {Association for Computing Machinery},
    doi = {10.1145/3392826},
    keywords = {collaboration, collaborative data science, data science, data scientists, human-centered data science, machine learning, teams}
}

@article{Ishikawa2019HowSurvey,
    title = {{How Do Engineers Perceive Difficulties in Engineering of Machine-Learning Systems? - Questionnaire Survey}},
    year = {2019},
    journal = {Proceedings - 2019 IEEE/ACM Joint 7th International Workshop on Conducting Empirical Studies in Industry and 6th International Workshop on Software Engineering Research and Industrial Practice, CESSER-IP 2019},
    author = {Ishikawa, Fuyuki and Yoshioka, Nobukazu},
    month = {5},
    pages = {2--9},
    publisher = {Institute of Electrical and Electronics Engineers Inc.},
    doi = {10.1109/CESSER-IP.2019.00009},
    keywords = {artificial intelligence, machine learning, questionnaire survey, software engineering}
}

@article{Wan2021HowPractices,
    title = {{How does machine learning change software development practices?}},
    year = {2021},
    journal = {IEEE Transactions on Software Engineering},
    author = {Wan, Zhiyuan and Xia, Xin and Lo, David and Murphy, Gail C.},
    number = {9},
    month = {9},
    pages = {1857--1871},
    volume = {47},
    publisher = {Institute of Electrical and Electronics Engineers Inc.},
    doi = {10.1109/TSE.2019.2937083},
    issn = {19393520},
    keywords = {Software engineering, empirical study, machine learning, practitioner}
}

@article{Tullio2007HowSystem,
    title = {{How it works: A field study of non-technical users interacting with an intelligent system}},
    year = {2007},
    journal = {Conference on Human Factors in Computing Systems - Proceedings},
    author = {Tullio, Joe and Dey, Anind K. and Chalecki, Jason and Fogarty, James},
    pages = {31--40},
    publisher = {Association for Computing Machinery},
    doi = {10.1145/1240624.1240630},
    keywords = {Context-aware, Field study, Intelligent systems, Machine learning, Mental models, Qualitative research}
}

@article{Sawicki1993HumanProject,
    title = {{Human Genome Project}},
    year = {1993},
    journal = {The American Journal of Surgery},
    author = {Sawicki, Mark P. and Samara, Ghassan and Hurwitz, Michael and Passaro, Edward},
    number = {2},
    month = {2},
    pages = {258--264},
    volume = {165},
    url = {http://www.sciencedirect.com/science/article/pii/S0002961005805227},
    doi = {10.1016/S0002-9610(05)80522-7},
    issn = {00029610}
}

@inproceedings{Garcia2009IdentifyingSmells,
    title = {{Identifying Architectural Bad Smells}},
    year = {2009},
    booktitle = {2009 13th European Conference on Software Maintenance and Reengineering},
    author = {Garcia, Joshua and Popescu, Daniel and Edwards, George and Medvidovic, Nenad},
    pages = {255--258},
    publisher = {IEEE},
    url = {http://ieeexplore.ieee.org/articleDetails.jsp?arnumber=4812762},
    isbn = {978-1-4244-3755-9},
    doi = {10.1109/CSMR.2009.59},
    issn = {1534-5351},
    keywords = {Application software, Architectural Bad Smells, Architectural Refactoring, Computer architecture, Computer industry, Computer science, Design engineering, Software Architecture, Software Maintenance, Software architecture, Software design, Software maintenance, Software systems, Technology management, architectural bad smell identification, design fragments, grid computing, grid technologies, industrial system refactoring, reverse engineering, software architecture, software architectures, software maintenance, system lifecycle properties, system maintainability},
    language = {English}
}

@article{GroeneveldWouter2021IdentifyingLearn,
    title = {{Identifying Non-Technical Skill Gaps in Software Engineering Education: What Experts Expect But Students Don’t Learn}},
    year = {2021},
    journal = {ACM Transactions on Computing Education (TOCE)},
    author = {{GroeneveldWouter} and {VennekensJoost} and {AertsKris}},
    number = {1},
    month = {10},
    pages = {1--21},
    volume = {22},
    publisher = {{\\\}ACM{\\\}PUB27{\\\}New York, NY{\\\}},
    url = {https://dl.acm.org/doi/abs/10.1145/3464431},
    doi = {10.1145/3464431},
    keywords = {Software engineering education, creativity, industry requirements, professional skills, software developer}
}

@misc{Thompson2019IEEEArithmetic,
    title = {{IEEE 754-2019 - IEEE Standard for Floating-Point Arithmetic}},
    year = {2019},
    author = {Thompson, Tom},
    url = {https://standards.ieee.org/content/ieee-standards/en/standard/754-2019.html}
}

@article{Tonelli2019ImplementingContracts,
    title = {{Implementing a Microservices System with Blockchain Smart Contracts}},
    year = {2019},
    journal = {IWBOSE 2019 - 2019 IEEE 2nd International Workshop on Blockchain Oriented Software Engineering},
    author = {Tonelli, Roberto and Lunesu, Maria Ilaria and Pinna, Andrea and Taibi, Davide and Marchesi, Michele},
    month = {3},
    pages = {22--31},
    publisher = {Institute of Electrical and Electronics Engineers Inc.},
    doi = {10.1109/IWBOSE.2019.8666520},
    keywords = {Blockchain, Cloud Native, Microservice, Serverless, Smart contract}
}

@article{WambsganssImprovingLearning,
    title = {{Improving Explainability and Accuracy through Feature Engineering: A Taxonomy of Features in NLP-based Machine Learning}},
    journal = {alexandria.unisg.ch},
    author = {Wambsganss, T and {\ldots}, C Engel - Forty-Second International and 2021, undefined},
    url = {https://www.alexandria.unisg.ch/id/eprint/264582},
    keywords = {Clustering, Natural Language Processing, Taxonomy, Text Features}
}

@book{Morris2020InfrastructureCode,
    title = {{Infrastructure as Code}},
    year = {2020},
    author = {Morris, Kief},
    edition = {2nd},
    pages = {1--350},
    publisher = {O'Reilly Media, Inc},
    url = {https://www.oreilly.com/library/view/infrastructure-as-code/9781098114664/},
    isbn = {9781098114671}
}

@phdthesis{Onuchic2012InovacoesGenes,
    title = {{Inova{\c{c}}ões em t{\'{e}}cnicas de alinhamentos m{\'{u}}ltiplos e predi{\c{c}}ões de genes}},
    year = {2012},
    author = {Onuchic, Vitor},
    pages = {67},
    school = {Universidade de S{\~{a}}o Paulo},
    keywords = {Bioinformatica}
}

@article{Xie2018IntelligentEngineering,
    title = {{Intelligent Software Engineering: Synergy Between AI and Software Engineering}},
    year = {2018},
    journal = {Lecture Notes in Computer Science (including subseries Lecture Notes in Artificial Intelligence and Lecture Notes in Bioinformatics)},
    author = {Xie, Tao},
    month = {9},
    pages = {3--7},
    volume = {10998 LNCS},
    publisher = {Springer, Cham},
    url = {https://link.springer.com/chapter/10.1007/978-3-319-99933-3_1},
    doi = {10.1007/978-3-319-99933-3{\_}1},
    keywords = {Intelligent software engineering}
}

@inproceedings{Xie2018IntelligentEngineeringb,
    title = {{Intelligent software engineering: Synergy between AI and software engineering}},
    year = {2018},
    booktitle = {ACM International Conference Proceeding Series},
    author = {Xie, Tao},
    doi = {10.1145/3172871.3172891}
}

@book{Stenac2020IntroducingMLOps,
    title = {{Introducing MLOps}},
    year = {2020},
    booktitle = {Pengaruh Harga Diskon Dan Persepsi Produk Terhadap Nilai Belanja Serta Perilaku Pembelian Konsumen},
    author = {Stenac, Clément},
    number = {9},
    volume = {7},
    issn = {1098-6596}
}

@article{Hopcroft2001IntroductionEdition,
    title = {{Introduction to automata theory, languages, and computation, 2nd edition}},
    year = {2001},
    journal = {ACM SIGACT News},
    author = {Hopcroft, John E. and Motwani, Rajeev and Ullman, Jeffrey D.},
    doi = {10.1145/568438.568455},
    issn = {01635700}
}

@book{Manning2008IntroductionRetrieval,
    title = {{Introduction to Information Retrieval}},
    year = {2008},
    booktitle = {Introduction to Information Retrieval},
    author = {Manning, Christopher D. and Raghavan, Prabhakar and Sch{\"{u}}tze, Hinrich},
    doi = {10.1017/cbo9780511809071}
}

@article{Patel2008InvestigatingDevelopment,
    title = {{Investigating statistical machine learning as a tool for software development}},
    year = {2008},
    journal = {Conference on Human Factors in Computing Systems - Proceedings},
    author = {Patel, Kayur and Fogarty, James and Landay, James A. and Harrison, Beverly},
    pages = {667--676},
    doi = {10.1145/1357054.1357160},
    keywords = {Software development, Statistical machine learning}
}

@article{Radermacher2014InvestigatingExpectations,
    title = {{Investigating the skill gap between graduating students and industry expectations}},
    year = {2014},
    journal = {36th International Conference on Software Engineering, ICSE Companion 2014 - Proceedings},
    author = {Radermacher, Alex and Walia, Gursimran and Knudson, Dean},
    pages = {291--300},
    publisher = {Association for Computing Machinery},
    doi = {10.1145/2591062.2591159},
    keywords = {Computer science education, Computer science pedagogy, Required skills, Software developer}
}

@article{Mikkonen2021IsView,
    title = {{Is Machine Learning Software Just Software: A Maintainability View}},
    year = {2021},
    journal = {Lecture Notes in Business Information Processing},
    author = {Mikkonen, Tommi and Nurminen, Jukka K. and Raatikainen, Mikko and Fronza, Ilenia and M{\"{a}}kitalo, Niko and M{\"{a}}nnist{\"{o}}, Tomi},
    pages = {94--105},
    volume = {404},
    publisher = {Springer Science and Business Media Deutschland GmbH},
    isbn = {9783030658533},
    doi = {10.1007/978-3-030-65854-0{\_}8},
    issn = {18651356},
    keywords = {Analysability, Artificial intelligence, Machine learning, Modifiability, Modularity, Reusability, Software engineering, Software maintenance, Testability}
}

@misc{MillerMichaelaKeaton2017ISOC++,
    title = {{ISO - ISO/IEC 14882:2017 - Programming languages — C++}},
    year = {2017},
    author = {Miller, Michaela; Keaton, David},
    pages = {1605},
    url = {https://www.iso.org/standard/68564.html}
}

@book{Coplien1997JOOPProgramming.,
    title = {{JOOP : the journal of object-oriented programming.}},
    year = {1997},
    booktitle = {C++ Report},
    author = {{Coplien} and O., James},
    number = {2},
    pages = {24--27},
    volume = {7},
    publisher = {SIGS Publications},
    url = {http://dl.acm.org/citation.cfm?id=229229},
    issn = {1040-6042}
}

@article{Lwakatare2020Large-ScaleSolutions,
    title = {{Large-Scale Machine Learning Systems in Real-World Industrial Settings: A Review of Challenges and Solutions}},
    year = {2020},
    journal = {Information and Software Technology},
    author = {Lwakatare, Lucy Ellen and Raj, Aiswarya and Crnkovic, Ivica and Bosch, Jan and Olsson, Helena Holmström},
    volume = {127},
    doi = {10.1016/j.infsof.2020.106368},
    issn = {09505849}
}

@book{Abu-Mostafa2012LearningData,
    title = {{Learning from data}},
    year = {2012},
    author = {Abu-Mostafa, Yaser S and Magdon-Ismail, Malik and Lin, Hsuan-Tien},
    url = {https://home.work.caltech.edu/homework/final.pdf}
}

@article{Heck2021LessonsEngineers,
    title = {{Lessons learned from educating AI engineers}},
    year = {2021},
    journal = {Proceedings - 2021 IEEE/ACM 1st Workshop on AI Engineering - Software Engineering for AI, WAIN 2021},
    author = {Heck, Petra and Schouten, Gerard},
    month = {5},
    pages = {47--50},
    publisher = {Institute of Electrical and Electronics Engineers Inc.},
    isbn = {9781665444705},
    doi = {10.1109/WAIN52551.2021.00013},
    arxivId = {2103.10703},
    keywords = {artificial intelligence, education, machine learning, software engineering}
}

@article{Touvron2023LlamaModels,
    title = {{Llama 2: Open Foundation and Fine-Tuned Chat Models}},
    year = {2023},
    author = {Touvron, Hugo and Martin, Louis and Stone, Kevin and Albert, Peter and Almahairi, Amjad and Babaei, Yasmine and Bashlykov, Nikolay and Batra, Soumya and Bhargava, Prajjwal and Bhosale, Shruti and Bikel, Dan and Blecher, Lukas and Ferrer, Cristian Canton and Chen, Moya and Cucurull, Guillem and Esiobu, David and Fernandes, Jude and Fu, Jeremy and Fu, Wenyin and Fuller, Brian and Gao, Cynthia and Goswami, Vedanuj and Goyal, Naman and Hartshorn, Anthony and Hosseini, Saghar and Hou, Rui and Inan, Hakan and Kardas, Marcin and Kerkez, Viktor and Khabsa, Madian and Kloumann, Isabel and Korenev, Artem and Koura, Punit Singh and Lachaux, Marie-Anne and Lavril, Thibaut and Lee, Jenya and Liskovich, Diana and Lu, Yinghai and Mao, Yuning and Martinet, Xavier and Mihaylov, Todor and Mishra, Pushkar and Molybog, Igor and Nie, Yixin and Poulton, Andrew and Reizenstein, Jeremy and Rungta, Rashi and Saladi, Kalyan and Schelten, Alan and Silva, Ruan and Smith, Eric Michael and Subramanian, Ranjan and Tan, Xiaoqing Ellen and Tang, Binh and Taylor, Ross and Williams, Adina and Kuan, Jian Xiang and Xu, Puxin and Yan, Zheng and Zarov, Iliyan and Zhang, Yuchen and Fan, Angela and Kambadur, Melanie and Narang, Sharan and Rodriguez, Aurelien and Stojnic, Robert and Edunov, Sergey and Scialom, Thomas},
    month = {7},
    url = {http://arxiv.org/abs/2307.09288},
    arxivId = {2307.09288}
}

@article{Touvron2023LLaMA:Models,
    title = {{LLaMA: Open and Efficient Foundation Language Models}},
    year = {2023},
    author = {Touvron, Hugo and Lavril, Thibaut and Izacard, Gautier and Martinet, Xavier and Lachaux, Marie-Anne and Lacroix, Timothée and Rozi{\`{e}}re, Baptiste and Goyal, Naman and Hambro, Eric and Azhar, Faisal and Rodriguez, Aurelien and Joulin, Armand and Grave, Edouard and Lample, Guillaume},
    month = {2},
    url = {http://arxiv.org/abs/2302.13971},
    arxivId = {2302.13971}
}

@article{Tanwar2020MachineForward,
    title = {{Machine Learning Adoption in Blockchain-Based Smart Applications: The Challenges, and a Way Forward}},
    year = {2020},
    journal = {IEEE Access},
    author = {Tanwar, Sudeep and Bhatia, Qasim and Patel, Pruthvi and Kumari, Aparna and Singh, Pradeep Kumar and Hong, Wei Chiang},
    pages = {474--448},
    volume = {8},
    publisher = {Institute of Electrical and Electronics Engineers Inc.},
    doi = {10.1109/ACCESS.2019.2961372},
    keywords = {Blockchain, data analytics, data security and privacy, machine learning, smart applications, smart grid}
}

@article{Nguyen2019MachineSurvey,
    title = {{Machine Learning and Deep Learning Frameworks and Libraries for Large-Scale Data Mining: a Survey}},
    year = {2019},
    journal = {Artificial Intelligence Review},
    author = {Nguyen, Giang and Dlugolinsky, Stefan and Bob{\'{a}}k, Martin and Tran, Viet and L{\'{o}}pez Garc{\'{i}}a, Álvaro and Heredia, Ignacio and Mal{\'{i}}k, Peter and Hluch{\'{y}}, Ladislav},
    number = {1},
    month = {6},
    pages = {77--124},
    volume = {52},
    publisher = {Springer Netherlands},
    url = {https://link.springer.com/article/10.1007/s10462-018-09679-z},
    doi = {10.1007/S10462-018-09679-Z/TABLES/5},
    issn = {15737462},
    keywords = {Artificial Intelligence software, Deep Learning, Graphics processing unit (GPU), Intensive computing, Large-scale data mining, Machine Learning, Parallel processing}
}

@article{Zhang2003MachineEngineering,
    title = {{Machine Learning and Software Engineering}},
    year = {2003},
    journal = {Software Quality Journal 2003 11:2},
    author = {Zhang, Du and Tsai, Jeffrey J.P.},
    number = {2},
    pages = {87--119},
    volume = {11},
    publisher = {Springer},
    url = {https://link.springer.com/article/10.1023/A:1023760326768},
    doi = {10.1023/A:1023760326768},
    issn = {1573-1367},
    keywords = {Compilers, Data Structures and Information Theory, Interpreters, Operating Systems, Programming Languages, Software Engineering/Programming and Operating Systems}
}

@book{Wilson2022MachineAction,
    title = {{Machine Learning Engineering in Action}},
    year = {2022},
    author = {Wilson, Ben},
    edition = {1},
    pages = {576},
    volume = {1},
    publisher = {Manning},
    url = {https://www.manning.com/books/machine-learning-engineering-in-action},
    isbn = {9781617298714}
}

@article{Idowu2024MachineStudy,
    title = {{Machine Learning Experiment Management Tools: a Mixed-Methods Empirical Study}},
    year = {2024},
    journal = {Empirical Software Engineering},
    author = {Idowu, Samuel and Osman, Osman and Str{\"{u}}ber, Daniel and Berger, Thorsten},
    number = {4},
    month = {7},
    pages = {74},
    volume = {29},
    url = {https://link.springer.com/10.1007/s10664-024-10444-w},
    doi = {10.1007/S10664-024-10444-W},
    issn = {1382-3256}
}

@article{Wiranda2021MachineReview,
    title = {{Machine Learning for Security and Security for Machine Learning: A Literature Review}},
    year = {2021},
    journal = {2021 4th International Conference on Information and Communications Technology (ICOIACT)},
    author = {Wiranda, Nuruddin and Sadikin, Fal},
    month = {8},
    pages = {197--202},
    publisher = {IEEE},
    url = {https://ieeexplore.ieee.org/document/9563985/},
    doi = {10.1109/ICOIACT53268.2021.9563985}
}

@article{Axtell2018MachineSystems,
    title = {{Machine learning in complex systems}},
    year = {2018},
    journal = {https://doi.org/10.1117/12.2309547},
    author = {Axtell, Travis W. and Overbey, Lucas A. and Woerner, Lisa},
    month = {5},
    pages = {39--44},
    volume = {10635},
    publisher = {SPIE},
    url = {https://www.spiedigitallibrary.org/conference-proceedings-of-spie/10635/106350B/Machine-learning-in-complex-systems/10.1117/12.2309547.full https://www.spiedigitallibrary.org/conference-proceedings-of-spie/10635/106350B/Machine-learning-in-complex-systems/10.1117/12.2309547.short},
    isbn = {9781510617810},
    doi = {10.1117/12.2309547},
    issn = {1996756X},
    keywords = {Complex systems, Control systems, Detection and tracking algorithms, Intelligence systems, Machine learning, Sensors}
}

@article{Zamani2021MachineStudy,
    title = {{Machine Learning in Requirements Engineering: A Mapping Study}},
    year = {2021},
    journal = {Proceedings of the IEEE International Conference on Requirements Engineering},
    author = {Zamani, Kareshna and Zowghi, Didar and Arora, Chetan},
    month = {9},
    pages = {116--125},
    volume = {2021-September},
    publisher = {IEEE Computer Society},
    isbn = {9781665418980},
    doi = {10.1109/REW53955.2021.00023},
    issn = {23326441},
    keywords = {Machine Learning, Mapping Study, Requirements Engineering, Software Requirements}
}

@article{Lorenzoni2021MachineReview,
    title = {{Machine Learning Model Development from a Software Engineering Perspective: A Systematic Literature Review}},
    year = {2021},
    author = {Lorenzoni, Giuliano and Alencar, Paulo and Nascimento, Nathalia and Cowan, Donald},
    month = {2},
    url = {https://arxiv.org/abs/2102.07574v1},
    arxivId = {2102.07574},
    keywords = {Index Terms-Software Engineering, ML workflow, Machine Learning, SE lifecycle, SE process}
}

@book{Dhinakaran2019MachineAI,
    title = {{Machine Learning Observability 101 - Arize AI}},
    year = {2019},
    author = {Dhinakaran, Aparna},
    pages = {1--52},
    url = {https://arize.com/resource/ebook-machine-learning-observability-101/}
}

@article{Zhou2017MachineChallenges,
    title = {{Machine learning on big data: Opportunities and challenges}},
    year = {2017},
    journal = {Neurocomputing},
    author = {Zhou, Lina and Pan, Shimei and Wang, Jianwu and Vasilakos, Athanasios V.},
    month = {5},
    pages = {350--361},
    volume = {237},
    publisher = {Elsevier},
    doi = {10.1016/J.NEUCOM.2017.01.026},
    issn = {0925-2312},
    keywords = {Big data, Data preprocessing, Evaluation, Machine learning, Parallelization}
}

@article{Soh2020MachineOperations,
    title = {{Machine Learning Operations}},
    year = {2020},
    journal = {Data Science Solutions on Azure},
    author = {Soh, © Julian and Singh, Priyanshi and Soh, J and Singh, P},
    pages = {259--279},
    publisher = {Apress, Berkeley, CA},
    url = {https://link.springer.com/chapter/10.1007/978-1-4842-6405-8_8},
    isbn = {978-1-4842-6405-8},
    doi = {10.1007/978-1-4842-6405-8{\_}8}
}

@article{Kreuzberger2023MachineArchitecture,
    title = {{Machine Learning Operations (MLOps): Overview, Definition, and Architecture}},
    year = {2023},
    journal = {IEEE Access},
    author = {Kreuzberger, Dominik and Kuhl, Niklas and Hirschl, Sebastian},
    volume = {11},
    doi = {10.1109/ACCESS.2023.3262138},
    issn = {21693536}
}

@article{Hopkins2021MachineDevelopment,
    title = {{Machine Learning Practices Outside Big Tech: How Resource Constraints Challenge Responsible Development}},
    year = {2021},
    journal = {AIES 2021 - Proceedings of the 2021 AAAI/ACM Conference on AI, Ethics, and Society},
    author = {Hopkins, Aspen and Booth, Serena},
    month = {10},
    pages = {134--145},
    publisher = {Association for Computing Machinery, Inc},
    url = {https://arxiv.org/abs/2110.02932v1},
    doi = {10.1145/3461702.3462527},
    arxivId = {2110.02932},
    keywords = {ML developers, big tech, contextual inquiry, machine learning practice}
}

@article{Rahman2019MachineStudy,
    title = {{Machine Learning Software Engineering in Practice: An Industrial Case Study}},
    year = {2019},
    author = {Rahman, Md Saidur and Rivera, Emilio and Khomh, Foutse and Gu{\'{e}}h{\'{e}}neuc, Yann-Gaël and Lehnert, Bernd},
    month = {6},
    url = {https://arxiv.org/abs/1906.07154v1},
    arxivId = {1906.07154}
}

@article{Yokoyama2019MachineStability,
    title = {{Machine Learning System Architectural Pattern for Improving Operational Stability}},
    year = {2019},
    journal = {Proceedings - 2019 IEEE International Conference on Software Architecture - Companion, ICSA-C 2019},
    author = {Yokoyama, Haruki},
    month = {5},
    pages = {267--274},
    publisher = {Institute of Electrical and Electronics Engineers Inc.},
    isbn = {9781728118765},
    doi = {10.1109/ICSA-C.2019.00055}
}

@book{Smith2018MachineScale,
    title = {{Machine Learning Systems - Design That Scale}},
    year = {2018},
    author = {Smith, Jeff},
    pages = {1--197},
    publisher = {Manning},
    url = {https://www.manning.com/books/machine-learning-systems},
    isbn = {9781617293337},
    keywords = {Akka, Scala, data, learning, machine, model learning, reactive}
}

@article{Benton2020MachineApplications,
    title = {{Machine Learning Systems and Intelligent Applications}},
    year = {2020},
    journal = {IEEE Software},
    author = {Benton, William C.},
    number = {4},
    month = {7},
    pages = {43--49},
    volume = {37},
    publisher = {IEEE Computer Society},
    doi = {10.1109/MS.2020.2985224},
    issn = {19374194},
    keywords = {Artificial Intelligence, distributed applications, machine learning}
}

@article{Zhang2020MachineHorizons,
    title = {{Machine Learning Testing: Survey, Landscapes and Horizons}},
    year = {2020},
    journal = {IEEE Transactions on Software Engineering},
    author = {Zhang, Jie M. and Harman, Mark and Ma, Lei and Liu, Yang},
    month = {2},
    pages = {1--1},
    publisher = {Institute of Electrical and Electronics Engineers (IEEE)},
    doi = {10.1109/TSE.2019.2962027}
}

@article{Sculley2014MachineDebt,
    title = {{Machine Learning: The High-Interest Credit Card of Technical Debt}},
    year = {2014},
    journal = {NIPS 2014 Workshop on Software Engineering for Machine Learning (SE4ML)},
    author = {Sculley, D and Holt, Gary and Golovin, Daniel and Davydov, Eugene and Phillips, Todd and Ebner, Dietmar and Chaudhary, Vinay and Young, Michael},
    issn = {13613723},
    keywords = {()}
}

@article{Shivashankar2022MaintainabilityReview,
    title = {{Maintainability Challenges in ML: A Systematic Literature Review}},
    year = {2022},
    journal = {Proceedings - 48th Euromicro Conference on Software Engineering and Advanced Applications, SEAA 2022},
    author = {Shivashankar, Karthik and Martini, Antonio},
    pages = {60--67},
    publisher = {Institute of Electrical and Electronics Engineers Inc.},
    isbn = {9781665461528},
    doi = {10.1109/SEAA56994.2022.00018},
    keywords = {Artificial Intelligence, Deep Learning, Machine Learning, Maintainability, Systematic Literature Review}
}

@article{Mize1976MakingRequirements,
    title = {{Making an academic curriculum relevant to business requirements}},
    year = {1976},
    journal = {ACM SIGCSE Bulletin},
    author = {Mize, J. L.},
    number = {2},
    month = {6},
    pages = {24--27},
    volume = {8},
    doi = {10.1145/382220.382465}
}

@article{Luu2021ManagingCycle,
    title = {{Managing the Machine Learning Life Cycle}},
    year = {2021},
    journal = {Beginning Apache Spark 3},
    author = {Luu, Hien},
    pages = {395--429},
    publisher = {Apress, Berkeley, CA},
    url = {https://link.springer.com/chapter/10.1007/978-1-4842-7383-8_9},
    address = {Berkeley, CA},
    doi = {10.1007/978-1-4842-7383-8{\_}9}
}

@misc{Beck2001ManifestoDevelopment,
    title = {{Manifesto for Agile Software Development}},
    year = {2001},
    booktitle = {The Agile Alliance},
    author = {Beck, K and Beedle, M and Bennekum, A Van and Cockburn, A and Cunningham, Ward and Fowler, Martin and Grenning, James and Highsmith, Jim and Hunt, Andrew and Jeffries, Ron and Kern, Jon and Marick, Brian and Martin, Robert C and Mellor, Steve and Schwaber, Ken and Sutherland, Jeff and Thomas, Dave},
    number = {December 14},
    volume = {2009},
    url = {https://agilemanifesto.org/}
}

@article{Hammersley1971MarkovLattices,
    title = {{Markov fields on finite graphs and lattices}},
    year = {1971},
    author = {Hammersley, JM and Clifford, P},
    url = {http://www.citeulike.org/group/14833/article/8970271}
}

@article{Wang2013MarkovSurvey,
    title = {{Markov Random Field modeling, inference {\&}amp; learning in computer vision {\&}amp; image understanding: A survey}},
    year = {2013},
    journal = {Computer Vision and Image Understanding},
    author = {Wang, Chaohui and Komodakis, Nikos and Paragios, Nikos},
    number = {11},
    month = {11},
    pages = {1610--1627},
    volume = {117},
    publisher = {Elsevier Science Inc.},
    url = {http://linkinghub.elsevier.com/retrieve/pii/S1077314213001343},
    doi = {10.1016/j.cviu.2013.07.004}
}

@article{Lewis2016MicroservicesGuide,
    title = {{Microservices Guide}},
    year = {2016},
    journal = {Martifowler.Com},
    author = {Lewis, James and Fowler, Martin}
}

@article{Richardson2018MicroservicesPatterns,
    title = {{Microservices Patterns}},
    year = {2018},
    journal = {Manning Publications},
    author = {Richardson, Chris}
}

@article{Liao2021ML4ML:Models,
    title = {{ML4ML: Automated Invariance Testing for Machine Learning Models}},
    year = {2021},
    author = {Liao, Zukang and Zhang, Pengfei and Chen, Min},
    month = {9},
    url = {https://arxiv.org/abs/2109.12926v1},
    arxivId = {2109.12926}
}

@article{Yang2021MLife:Initialization,
    title = {{MLife: a lite framework for machine learning lifecycle initialization}},
    year = {2021},
    journal = {Machine Learning 2021},
    author = {Yang, Cong and Wang, Wenfeng and Zhang, Yunhui and Zhang, Zhikai and Shen, Lina and Li, Yipeng and See, John},
    month = {10},
    pages = {1--21},
    publisher = {Springer},
    url = {https://link.springer.com/article/10.1007/s10994-021-06052-0},
    doi = {10.1007/S10994-021-06052-0},
    issn = {1573-0565},
    keywords = {Artificial Intelligence, Control, Machine Learning, Mechatronics, Natural Language Processing (NLP), Robotics, Simulation and Modeling}
}

@article{Symeonidis2022MLOpsChallenges,
    title = {{MLOps - Definitions, Tools and Challenges}},
    year = {2022},
    journal = {2022 IEEE 12th Annual Computing and Communication Workshop and Conference, CCWC 2022},
    author = {Symeonidis, Georgios and Nerantzis, Evangelos and Kazakis, Apostolos and Papakostas, George A.},
    pages = {453--460},
    publisher = {Institute of Electrical and Electronics Engineers Inc.},
    isbn = {9781665483032},
    doi = {10.1109/CCWC54503.2022.9720902},
    arxivId = {2201.00162},
    keywords = {AutoML, Deployment, Explainability, Fairness, MLOps, Machine learning, Monitoring, Re-training, Robustness, Sustainability}
}

@article{Goyal2020MLOpsOperations,
    title = {{MLOps - Machine Learning Operations}},
    year = {2020},
    journal = {International Journal of Information Technology Insights {\&} Transformations},
    author = {Goyal, Akshita}
}

@article{Poloskei2021MLOpsDesign,
    title = {{MLOps approach in the cloud-native data pipeline design}},
    year = {2021},
    journal = {Acta Technica Jaurinensis},
    author = {P{\"{o}}l{\"{o}}skei, István},
    number = {Y},
    month = {4},
    pages = {p. ZZ-ZZ},
    volume = {XX},
    publisher = {Szechenyi Istvan University},
    url = {https://193.224.130.165/index.php/acta/article/view/581},
    doi = {10.14513/ACTATECHJAUR.00581},
    issn = {2064-5228},
    keywords = {cloud, data pipeline, native}
}

@article{Granlund2021MLOpsCases,
    title = {{MLOps challenges in multi-organization setup: Experiences from two real-world cases}},
    year = {2021},
    journal = {Proceedings - 2021 IEEE/ACM 1st Workshop on AI Engineering - Software Engineering for AI, WAIN 2021},
    author = {Granlund, Tuomas and Kopponen, Aleksi and Stirbu, Vlad and Myllyaho, Lalli and Mikkonen, Tommi},
    month = {5},
    pages = {82--88},
    publisher = {Institute of Electrical and Electronics Engineers Inc.},
    isbn = {9781665444705},
    doi = {10.1109/WAIN52551.2021.00019},
    arxivId = {2103.08937},
    keywords = {Artificial intelligence, AI, information systems, integration, machine learning, ML, multi-organisation, software engineering for AI/ML}
}

@inproceedings{Haertel2023MLOpsReview,
    title = {{MLOps in Data Science Projects: A Review}},
    year = {2023},
    booktitle = {Proceedings - 2023 IEEE International Conference on Big Data, BigData 2023},
    author = {Haertel, Christian and Staegemann, Daniel and Daase, Christian and Pohl, Matthias and Nahhas, Abdulrahman and Turowski, Klaus},
    doi = {10.1109/BigData59044.2023.10386139}
}

@article{Matsui2022MLOps:AI,
    title = {{MLOps: A Guide to its Adoption in the Context of Responsible AI}},
    year = {2022},
    journal = {Proceedings - Workshop on Software Engineering for Responsible AI, SE4RAI 2022},
    author = {Matsui, Beatriz M.A. and Goya, Denise H.},
    pages = {45--49},
    publisher = {Institute of Electrical and Electronics Engineers Inc.},
    isbn = {9781450393195},
    doi = {10.1145/3526073.3527591},
    keywords = {DevOps, MLOps, development, machine learning, model, responsible AI}
}

@article{Wazir2023MLOps:Review,
    title = {{MLOps: A Review}},
    year = {2023},
    author = {Wazir, Samar and Kashyap, Gautam Siddharth and Saxena, Parag},
    month = {8},
    url = {https://arxiv.org/abs/2308.10908v1},
    arxivId = {2308.10908},
    keywords = {Deep Learning, Index Terms-Artificial Intelligence, MLOps, Machine Learning, Operations}
}

@misc{Testi2022MLOps:Methodology,
    title = {{MLOps: A Taxonomy and a Methodology}},
    year = {2022},
    booktitle = {IEEE Access},
    author = {Testi, Matteo and Ballabio, Matteo and Frontoni, Emanuele and Iannello, Giulio and Moccia, Sara and Soda, Paolo and Vessio, Gennaro},
    volume = {10},
    doi = {10.1109/ACCESS.2022.3181730},
    issn = {21693536}
}

@inproceedings{Lima2022MLOps:Review,
    title = {{MLOps: Practices, Maturity Models, Roles, Tools, and Challenges - A Systematic Literature Review}},
    year = {2022},
    booktitle = {International Conference on Enterprise Information Systems, ICEIS - Proceedings},
    author = {Lima, Anderson and Monteiro, Luciano and Furtado, Ana Paula},
    volume = {1},
    doi = {10.5220/0010997300003179},
    issn = {21844992}
}

@book{Sridhar2018ModelML,
    title = {{Model Governance: Reducing the Anarchy of Production {\{}ML{\}}}},
    year = {2018},
    author = {Sridhar, Vinay and Subramanian, Sriram and Arteaga, Dulcardo and Sundararaman, Swaminathan and Roselli, Drew and Talagala, Nisha},
    pages = {351--358},
    volume = {},
    url = {https://www.usenix.org/conference/atc18/presentation/sridhar},
    isbn = {978-1-939133-01-4}
}

@book{Langr2013ModernBetter,
    title = {{Modern C++ Programming with Test-Driven Development: Code Better, Sleep Better}},
    year = {2013},
    author = {Langr, Jeff},
    edition = {1st},
    month = {10},
    pages = {360},
    publisher = {Pragmatic Bookshelf},
    isbn = {1937785483, 9781937785482},
    keywords = {c++, c++11, tdd, test-driven, testing, unit testing}
}

@book{Appel2004ModernJava,
    title = {{Modern Compiler Implementation in Java}},
    year = {2004},
    author = {Appel, Andrew},
    edition = {2nd},
    pages = {513},
    publisher = {Cambridge University Press},
    isbn = {978-0521820608}
}

@book{Tanenbaum2014ModernSystems,
    title = {{Modern Operating Systems}},
    year = {2014},
    booktitle = {Education},
    author = {Tanenbaum, Andrew S. and Bos, Herbert},
    isbn = {9780133591620},
    doi = {10.1142/S0129183108012261},
    issn = {13541013},
    pmid = {12204814},
    arxivId = {0710.2023}
}

@book{Alberts2008MolecularWalter,
    title = {{Molecular biology of the cell, 5th edition by B. Alberts, A. Johnson, J. Lewis, M. Raff, K. Roberts, and P. Walter}},
    year = {2008},
    booktitle = {Biochemistry and Molecular Biology Education},
    author = {Alberts, Bruce and Johnson, A and Lewis, J and Raff, M and Roberts, K and Walter, P},
    editor = {{Artmed}},
    volume = {36},
    isbn = {978-0815341062},
    doi = {10.1002/bmb.20192},
    issn = {14708175}
}

@misc{Fowler2015MonolithFirst,
    title = {{MonolithFirst}},
    year = {2015},
    booktitle = {Martin Fowler},
    author = {Fowler, Martin}
}

@misc{MoreWorld,
    title = {{More C++ Idioms/Curiously Recurring Template Pattern - Wikibooks, open books for an open world}},
    url = {https://en.wikibooks.org/wiki/More_C%2B%2B_Idioms/Curiously_Recurring_Template_Pattern},
    keywords = {Site:CurioyslyRecurringTemplatePattern}
}

@book{Meyers1996MoreDesigns,
    title = {{More Effective C++: 35 New Ways to Improve Your Programs and Designs}},
    year = {1996},
    author = {Meyers, Scott},
    edition = {1st},
    pages = {337},
    publisher = {Addison Wesley Longman Publishing Co., Inc.},
    isbn = {978-0-321-51581-0; 0-321-51581-1}
}

@article{Nahar2021MoreProjects,
    title = {{More Engineering, No Silos: Rethinking Processes and Interfaces in Collaboration between Interdisciplinary Teams for Machine Learning Projects}},
    year = {2021},
    author = {Nahar, Nadia and Zhou, Shurui and Lewis, Grace and K{\"{a}}stner, Christian},
    month = {10},
    url = {https://arxiv.org/abs/2110.10234v1},
    arxivId = {2110.10234}
}

@article{Srisakaokul2018Multiple-ImplementationSoftware,
    title = {{Multiple-Implementation Testing of Supervised Learning Software}},
    year = {2018},
    journal = {Workshops at the Thirty-Second AAAI Conference on Artificial Intelligence},
    author = {Srisakaokul, Siwakorn and Wu, Zhengkai and Astorga, Angello and Alebiosu, Oreoluwa and Xie, Tao}
}

@misc{Kashiwabara2012MYOP/ToPS/SGEval:Prediction,
    title = {{MYOP/ToPS/SGEval: A computational framework for gene prediction}},
    year = {2012},
    author = {Kashiwabara, André Yoshiaki},
    month = {2},
    publisher = {Universidade de S{\~{a}}o Paulo},
    url = {http://www.teses.usp.br/teses/disponiveis/45/45134/tde-02042012-184145/},
    address = {S{\~{a}}o Paulo},
    keywords = {Bioinformatica., ab initio gene prediction, bioinformatics., cadeia de Markov oculta generalizada, generalized hidden Markov models, modelos probabilisticos, predicao ab initio de genes, probabilistic models},
    language = {Portugu{\^{e}}s}
}

@article{Menshawy2024NavigatingDeployment,
    title = {{Navigating Challenges and Technical Debt in Large Language Models Deployment}},
    year = {2024},
    journal = {EuroMLSys 2024 - Proceedings of the 2024 4th Workshop on Machine Learning and Systems},
    author = {Menshawy, Ahmed and Nawaz, Zeeshan and Fahmy, Mahmoud},
    month = {4},
    pages = {192--199},
    publisher = {Association for Computing Machinery, Inc},
    doi = {10.1145/3642970.3655840},
    keywords = {High-Throughput LLM Processing, LLM Deployment Challenges, LLM Model Compression and Pruning, LLMs Deployment, Large Language Models (LLMs), Scalability Challenges in LLMs Deployment, Technical Debt in AI}
}

@article{Horkoff2019Non-functionalDirections,
    title = {{Non-functional requirements for machine learning: Challenges and new directions}},
    year = {2019},
    journal = {Proceedings of the IEEE International Conference on Requirements Engineering},
    author = {Horkoff, Jennifer},
    month = {9},
    pages = {386--391},
    volume = {2019-September},
    publisher = {IEEE Computer Society},
    isbn = {9781728139128},
    doi = {10.1109/RE.2019.00050},
    issn = {23326441},
    keywords = {Machine Learning, NFRs, Non-Functional Requirements, Qualities, Requirements Engineering}
}

@book{Sadalage2012NoSQLPersistence,
    title = {{NoSQL Distilled: A Brief Guide to the Emerging World of Polyglot Persistence}},
    year = {2012},
    booktitle = {Vasa},
    author = {Sadalage, PJ and Fowler, Martin},
    issn = {1098-}
}

@article{Booch2004Object-OrientedEdition,
    title = {{Object-Oriented Analysis and Design with Applications (3rd Edition)}},
    year = {2004},
    author = {Booch, Grady},
    month = {6},
    publisher = {Addison Wesley Longman Publishing Co., Inc.},
    isbn = {020189551X}
}

@article{Schelter2018OnManagement,
    title = {{On challenges in machine learning model management}},
    year = {2018},
    author = {Schelter, S and Biessmann, F and Januschowski, T and Salinas, D},
    url = {http://web.kaust.edu.sa/Faculty/MarcoCanini/classes/CS290E/F19/papers/challenges.pdf}
}

@article{NoyOntologyOntology,
    title = {{Ontology Development 101: A Guide to Creating Your First Ontology}},
    author = {Noy, Natalya F and Mcguinness, Deborah L},
    url = {http://translate.googleusercontent.com/translate_c?anno=2&hl=…opment/ontology101.pdf&usg=ALkJrhjVKWkRnOxyPTCMqp98iRSKKnZ9HQ}
}

@article{1987OperatingImplementation,
    title = {{Operating Systems: Design and Implementation}},
    year = {1987},
    journal = {Microprocessors and Microsystems},
    number = {5},
    month = {6},
    pages = {282},
    volume = {11},
    publisher = {Elsevier BV},
    doi = {10.1016/0141-9331(87)90310-3},
    issn = {01419331}
}

@article{Kolltveit2022OperationalizingReview,
    title = {{Operationalizing Machine Learning Models - A Systematic Literature Review}},
    year = {2022},
    journal = {Proceedings - Workshop on Software Engineering for Responsible AI, SE4RAI 2022},
    author = {Kolltveit, Ask Berstad and Li, Jingyue},
    pages = {1--8},
    publisher = {Institute of Electrical and Electronics Engineers Inc.},
    url = {https://dl.acm.org/doi/10.1145/3526073.3527584},
    isbn = {9781450393195},
    doi = {10.1145/3526073.3527584},
    keywords = {Deployment, MLOps, Machine learning, Operationalization, Systematic literature review}
}

@article{Shankar2022OperationalizingStudy,
    title = {{Operationalizing Machine Learning: An Interview Study}},
    year = {2022},
    author = {Shankar, Shreya and Garcia, Rolando and Hellerstein, Joseph M. and Parameswaran, Aditya G.},
    month = {9},
    url = {https://arxiv.org/abs/2209.09125v1},
    arxivId = {2209.09125}
}

@article{Nabende2010PairMatching,
    title = {{Pair hidden Markov model for named entity matching}},
    year = {2010},
    journal = {Innovations and advances in},
    author = {Nabende, P and Tiedemann, J and Nerbonne, J},
    url = {http://www.springerlink.com/index/T3188P7115885682.pdf}
}

@article{Sakakibara2003PairStructures,
    title = {{Pair hidden Markov models on tree structures}},
    year = {2003},
    journal = {Bioinformatics},
    author = {Sakakibara, Y},
    url = {https://academic.oup.com/bioinformatics/article-abstract/19/suppl_1/i232/228069}
}

@article{Sakakibara2003PairStructuresb,
    title = {{Pair hidden Markov models on tree structures}},
    year = {2003},
    journal = {Bioinformatics},
    author = {Sakakibara, Y},
    url = {https://academic.oup.com/bioinformatics/article-abstract/19/suppl_1/i232/228069}
}

@article{DeugoPatternsEngineering.,
    title = {{Patterns as a Means for Intelligent Software Engineering.}},
    journal = {ece.neu.edu},
    author = {Deugo, D and Oppacher, F and Kuester, J and IC-AI, I von Otte - and 1999, undefined},
    url = {http://www.ece.neu.edu/courses/ece3890/2002fa/mobileagents/Deugo99.pdf},
    keywords = {Agent, Communication, Pattern}
}

@article{Gift2021PracticalModels,
    title = {{Practical MLOps: Operationalizing Machine Learning Models}},
    year = {2021},
    author = {Gift, Noah and Deza, Alfredo},
    isbn = {9781098103019}
}

@article{Muiruri2022PracticesOrganizations,
    title = {{Practices and Infrastructures for Machine Learning Systems: An Interview Study in Finnish Organizations}},
    year = {2022},
    journal = {Computer},
    author = {Muiruri, Dennis and Lwakatare, Lucy Ellen and Nurminen, Jukka K. and Mikkonen, Tommi},
    number = {6},
    month = {6},
    pages = {18--29},
    volume = {55},
    publisher = {IEEE Computer Society},
    doi = {10.1109/MC.2022.3161161},
    issn = {15580814}
}

@article{Serban2021PracticesApplications,
    title = {{Practices for Engineering Trustworthy Machine Learning Applications}},
    year = {2021},
    journal = {Proceedings - 2021 IEEE/ACM 1st Workshop on AI Engineering - Software Engineering for AI, WAIN 2021},
    author = {Serban, Alex and Van Der Blom, Koen and Hoos, Holger and Visser, Joost},
    month = {5},
    pages = {97--100},
    publisher = {Institute of Electrical and Electronics Engineers Inc.},
    isbn = {9781665444705},
    doi = {10.1109/WAIN52551.2021.00021},
    arxivId = {2103.00964},
    keywords = {machine learning, robustness, software engineering, trustworthiness}
}

@article{Alves2024PracticesReview,
    title = {{Practices for Managing Machine Learning Products: A Multivocal Literature Review}},
    year = {2024},
    journal = {IEEE Transactions on Engineering Management},
    author = {Alves, Isaque and Leite, Leonardo A.F. and Meirelles, Paulo and Kon, Fabio and Aguiar, Carla Silva Rocha},
    volume = {71},
    doi = {10.1109/TEM.2023.3287759},
    issn = {15580040}
}

@inproceedings{Washizaki2020PractitionersStudy,
    title = {{Practitioners' insights on machine-learning software engineering design patterns: A preliminary study}},
    year = {2020},
    booktitle = {Proceedings - 2020 IEEE International Conference on Software Maintenance and Evolution, ICSME 2020},
    author = {Washizaki, Hironori and Takeuchi, Hironori and Khomh, Foutse and Natori, Naotake and Doi, Takuo and Okuda, Satoshi},
    doi = {10.1109/ICSME46990.2020.00095}
}

@article{Washizaki2020PractitionersStudyb,
    title = {{Practitioners' insights on machine-learning software engineering design patterns: A preliminary study}},
    year = {2020},
    journal = {Proceedings - 2020 IEEE International Conference on Software Maintenance and Evolution, ICSME 2020},
    author = {Washizaki, Hironori and Takeuchi, Hironori and Khomh, Foutse and Natori, Naotake and Doi, Takuo and Okuda, Satoshi},
    month = {9},
    pages = {797--799},
    publisher = {Institute of Electrical and Electronics Engineers Inc.},
    isbn = {9781728156194},
    doi = {10.1109/ICSME46990.2020.00095},
    keywords = {Design Patterns, Machine Learning, Questionnaire Survey, Systematic Literature Review}
}

@article{Burge1997PredictionDNA.,
    title = {{Prediction of complete gene structures in human genomic DNA.}},
    year = {1997},
    journal = {Journal of molecular biology},
    author = {Burge, C and Karlin, S},
    number = {1},
    month = {4},
    pages = {78--94},
    volume = {268},
    url = {http://www.ncbi.nlm.nih.gov/pubmed/9149143},
    doi = {10.1006/jmbi.1997.0951},
    issn = {0022-2836},
    pmid = {9149143},
    keywords = {Animals, DNA, Exons, Genes, Genome, Human, Humans, Introns, Markov Chains, Models, Genetic, Molecular Sequence Data, Probability, Promoter Regions, Genetic, Proteins, Proteins: genetics, RNA Splicing, Sequence Analysis, DNA, Software, Vertebrates, Vertebrates: genetics}
}

@article{Agarwal2010PredictionCSHMM,
    title = {{Prediction of novel precursor miRNAs using a context-sensitive hidden Markov model (CSHMM)}},
    year = {2010},
    journal = {BMC Bioinformatics},
    author = {Agarwal, Sumeet and Vaz, Candida and Bhattacharya, Alok and Srinivasan, Ashwin and Mendes, ND and Freitas, AT and Sagot, MF and Lim, LP and Lau, NC and Weinstein, EG and Abdelhakim, A and Yekta, S and Rhoades, MW and Burge, CB and Bartel, DP and Legendre, M and Lambert, A and Gautheret, D and Wang, X and Zhang, J and Li, F and Gu, J and He, T and Zhang, X and Li, Y and Nam, JW and Shin, KR and Han, J and Lee, Y and Kim, VN and Zhang, BT and Xue, C and Li, F and He, T and Liu, GP and Li, Y and Zhang, X and Huang, TH and Fan, B and Rothschild, MF and Hu, ZL and Li, K and Zhao, SH and Hertel, J and Stadler, PF and Ng, KL and Mishra, SK and Brameier, M and Wiuf, C and Morin, RD and O, MD and Friedl{\"{a}}nder, MR and Chen, W and Adamidi, C and Maaskola, J and Einspanier, R and Knespel, S and Rajewsky, N and Breiman, L and Friedman, JH and Olshen, RA and Stone, CJ and Tyagi, S and Vaz, C and Gupta, V and Bhatia, R and Maheshwari, S and Srinivasan, A and Bhattacharya, A},
    number = {Suppl 1},
    pages = {S29},
    volume = {11},
    publisher = {BioMed Central},
    url = {http://bmcbioinformatics.biomedcentral.com/articles/10.1186/1471-2105-11-S1-S29},
    doi = {10.1186/1471-2105-11-S1-S29},
    issn = {1471-2105},
    keywords = {Algorithms, Bioinformatics, Combinatorial Libraries, Computational Biology/Bioinformatics, Computer Appl. in Life Sciences, Microarrays}
}

@article{Agarwal2010PredictionCSHMMb,
    title = {{Prediction of novel precursor miRNAs using a context-sensitive hidden Markov model (CSHMM)}},
    year = {2010},
    journal = {BMC},
    author = {Agarwal, S and Vaz, C},
    url = {https://bmcbioinformatics.biomedcentral.com/articles/10.1186/1471-2105-11-S1-S29}
}

@article{Watanabe2019PreliminaryProcess,
    title = {{Preliminary Systematic Literature Review of Machine Learning System Development Process}},
    year = {2019},
    author = {Watanabe, Yasuhiro and Washizaki, Hironori and Sakamoto, Kazunori and Saito, Daisuke and Honda, Kiyoshi and Tsuda, Naohiko and Fukazawa, Yoshiaki and Yoshioka, Nobukazu},
    month = {10},
    url = {http://arxiv.org/abs/1910.05528},
    arxivId = {1910.05528}
}

@book{Koller2009ProbabilisticTechniques,
    title = {{Probabilistic graphical models : principles and techniques}},
    year = {2009},
    author = {Koller, Daphne. and Friedman, Nir.},
    pages = {1233},
    publisher = {MIT Press},
    isbn = {9780262013192}
}

@article{Koller2009ProbabilisticTechniquesb,
    title = {{Probabilistic graphical models: principles and techniques}},
    year = {2009},
    author = {Koller, Daphne and Friedman, Nir},
    url = {https://books.google.com/books?hl=pt-BR&lr=&id=7dzpHCHzNQ4C&oi=fnd&pg=PR9&dq=probabilistic+graphical+models&ots=px3zAh6WsI&sig=EMiXRdT-VkxAS5itnisrM77NvaE},
    isbn = {978-0-262-01319-2}
}

@book{Stroustrup2014Programming:Edition,
    title = {{Programming: Principles and Practice Using C++ (2nd Edition)}},
    year = {2014},
    author = {Stroustrup, Bjarne},
    pages = {1312},
    publisher = {Addison-Wesley},
    address = {Upper Saddle River, NJ},
    isbn = {9780321992789}
}

@article{Felderer2021QualitySession,
    title = {{Quality Assurance for AI-Based Systems: Overview and Challenges (Introduction to Interactive Session)}},
    year = {2021},
    journal = {Lecture Notes in Business Information Processing},
    author = {Felderer, Michael and Ramler, Rudolf},
    pages = {33--42},
    volume = {404},
    publisher = {Springer Science and Business Media Deutschland GmbH},
    isbn = {9783030658533},
    doi = {10.1007/978-3-030-65854-0{\_}3},
    issn = {18651356},
    keywords = {AI, AI quality, AI-based systems, Artificial Intelligence, Machine learning, Quality assurance, Software quality, System quality}
}

@article{Daniel2018QualityActions,
    title = {{Quality control in crowdsourcing: A survey of quality attributes, assessment techniques, and assurance actions}},
    year = {2018},
    journal = {ACM Computing Surveys},
    author = {Daniel, Florian and Kucherbaev, Pavel and Cappiello, Cinzia and Benatallah, Boualem and Allahbakhsh, Mohammad},
    number = {1},
    month = {1},
    volume = {51},
    publisher = {Association for Computing Machinery},
    doi = {10.1145/3148148},
    keywords = {Assessment, Assurance, Attributes, Crowdsourcing, Quality model}
}

@article{Santhanam2020QualitySystems,
    title = {{Quality Management of Machine Learning Systems}},
    year = {2020},
    journal = {Communications in Computer and Information Science},
    author = {Santhanam, P.},
    pages = {1--13},
    volume = {1272},
    publisher = {Springer Science and Business Media Deutschland GmbH},
    isbn = {9783030621438},
    doi = {10.1007/978-3-030-62144-5{\_}1},
    issn = {18650937},
    arxivId = {2006.09529},
    keywords = {AI Engineering, Artificial Intelligence, Machine learning, Quality management}
}

@book{Boner2016ReactiveSystems,
    title = {{Reactive Microservices Architecture: Design Principles for Distributed Systems}},
    year = {2016},
    booktitle = {O'Reilly},
    author = {Bon{\'{e}}r, Jonas}
}

@article{Younger1967RecognitionN3,
    title = {{Recognition and parsing of context-free languages in time n3}},
    year = {1967},
    journal = {Information and Control},
    author = {Younger, Daniel H.},
    doi = {10.1016/S0019-9958(67)80007-X},
    issn = {00199958}
}

@book{Ambler2006RefactoringDesign,
    title = {{Refactoring Databases: Evolutionary Database Design}},
    year = {2006},
    booktitle = {Queue},
    author = {Ambler, SW and Sadalage, PJ},
    number = {7},
    volume = {4},
    issn = {15427730}
}

@book{Suryanarayana2014RefactoringDebt,
    title = {{Refactoring for Software Design Smells: Managing Technical Debt}},
    year = {2014},
    author = {Suryanarayana, Girish and Samarthyam, Ganesh and Sharma, Tushar},
    month = {11},
    pages = {244},
    publisher = {Morgan Kaufmann Publishers Inc.},
    url = {http://dl.acm.org/citation.cfm?id=2755629}
}

@book{Fowler1999RefactoringFowler-Beck-Brant-Opdyke-Roberts,
    title = {{Refactoring Improving the Design of Existing Code - Fowler-Beck-Brant-Opdyke-Roberts}},
    year = {1999},
    booktitle = {xtemp01},
    author = {Fowler, Martin and Beck, Kent and Brant, John and Opdyke, William and Roberts, Don}
}

@book{Fowler1999Refactoring:Code,
    title = {{Refactoring: Improving the Design of Existing Code}},
    year = {1999},
    author = {Fowler, Martin and Beck, Kent},
    edition = {1st},
    pages = {1--337},
    publisher = {Addison-Wesley},
    isbn = {0201485672}
}

@book{Fowler2018Refactoring:Code,
    title = {{Refactoring: Improving the Design of Existing Code}},
    year = {2018},
    author = {Fowler, Martin and Beck, Kent},
    edition = {2nd},
    pages = {1--448},
    publisher = {Addison-Wesley Professional},
    isbn = {978-0134757599}
}

@article{Takeuchi2022ReferenceSystems,
    title = {{Reference Model for Agile Development of Machine Learning-based Service Systems}},
    year = {2022},
    author = {Takeuchi, Hironori and Kaiya, Haruhiko and Nakagawa, Hiroyuki and Ogata, Shinpei},
    month = {2},
    pages = {17--20},
    publisher = {Institute of Electrical and Electronics Engineers (IEEE)},
    doi = {10.1109/APSECW53869.2021.00014}
}

@article{Kumara2023RequirementsIndustry,
    title = {{Requirements and Reference Architecture for MLOps:Insights from Industry}},
    year = {2023},
    journal = {Authorea Preprints},
    author = {Kumara, Indika and Arts, Rowan and Nucci, Dario Di and Van Den Heuvel, Willem Jan and Tamburri, Damian Andrew and Kazman, Rick and Van, Willem Jan and Heuvel, Den},
    month = {10},
    publisher = {Authorea},
    url = {https://www.authorea.com/doi/full/10.36227/techrxiv.21397413.v1?commit=4e07dbfdf9079e11ac572399be63949a1cfc1a05},
    doi = {10.36227/TECHRXIV.21397413.V1}
}

@article{Belani2019RequirementsSystems,
    title = {{Requirements engineering challenges in building ai-based complex systems}},
    year = {2019},
    journal = {Proceedings - 2019 IEEE 27th International Requirements Engineering Conference Workshops, REW 2019},
    author = {Belani, Hrvoje and Vukovic, Marin and Car, Zeljka},
    month = {9},
    pages = {252--255},
    publisher = {Institute of Electrical and Electronics Engineers Inc.},
    isbn = {9781728151656},
    doi = {10.1109/REW.2019.00051},
    arxivId = {1908.11791},
    keywords = {Artificial-intelligence, Complex-systems, Data-science, Deep-learning, Development-process, Machine-learning, Requirements-engineering, Software-development}
}

@article{Davis2023ReusingEngineering,
    title = {{Reusing Deep Learning Models: Challenges and Directions in Software Engineering}},
    year = {2023},
    journal = {Proceedings - 2023 IEEE John Vincent Atanasoff Symposium on Modern Computing, JVA 2023},
    author = {Davis, James C. and Jajal, Purvish and Jiang, Wenxin and Schorlemmer, Taylor R. and Synovic, Nicholas and Thiruvathukal, George K.},
    pages = {17--30},
    publisher = {Institute of Electrical and Electronics Engineers Inc.},
    isbn = {9798350328899},
    doi = {10.1109/JVA60410.2023.00015},
    keywords = {Deep learning, Empirical software engineering, Machine learning, Position, Pre-Trained models, Re-use, Vision}
}

@article{Sato2005RNAFields,
    title = {{RNA secondary structural alignment with conditional random fields}},
    year = {2005},
    journal = {Bioinformatics},
    author = {Sato, K and Sakakibara, Y},
    url = {https://academic.oup.com/bioinformatics/article-abstract/21/suppl_2/ii237/227803}
}

@article{Eddy1994RNAModels,
    title = {{RNA sequence analysis using covariance models}},
    year = {1994},
    journal = {Nucleic Acids Research},
    author = {Eddy, Sean R. and Durbin, Richard},
    doi = {10.1093/nar/22.11.2079},
    issn = {03051048},
    pmid = {8029015}
}

@misc{RulesDevelopers,
    title = {{Rules of Machine Learning:  |  Google for Developers}},
    url = {https://developers.google.com/machine-learning/guides/rules-of-ml}
}

@article{Baltes2022SamplingGuidelines,
    title = {{Sampling in Software Engineering Research: a Critical Review and Guidelines}},
    year = {2022},
    journal = {Empirical Software Engineering},
    author = {Baltes, Sebastian and Ralph, Paul},
    number = {4},
    volume = {27},
    doi = {10.1007/s10664-021-10072-8},
    issn = {15737616}
}

@misc{SaoGlobo,
    title = {{S{\~{a}}o Paulo recebe o primeiro Facebook Hackathon Brasil - Jornal O Globo}},
    url = {https://oglobo.globo.com/economia/sao-paulo-recebe-primeiro-facebook-hackathon-brasil-4933830}
}

@misc{Li2017ScalingService,
    title = {{Scaling Machine Learning as a Service}},
    year = {2017},
    booktitle = {International Conference on Predictive Applications and APIs},
    author = {Li, Li Erran and Chen, Eric and Hermann, Jeremy and Zhang, Pusheng and Wang, Luming},
    month = {7},
    pages = {14--29},
    publisher = {PMLR},
    url = {https://proceedings.mlr.press/v67/li17a.html},
    issn = {2640-3498}
}

@article{Kersting2009SE4ML-SoftwareSummary,
    title = {{SE4ML-Software Engineering for AI-ML-based Systems 1 Executive Summary}},
    year = {2009},
    journal = {Report from Dagstuhl Seminar},
    author = {Kersting, Kristian and Kim, Miryung and Van Den Broeck, Guy and Zimmermann, Thomas},
    url = {http://www.dagstuhl.de/20091},
    doi = {10.4230/DagRep.10.2.76}
}

@misc{Ferreira2016SecretaryReusability,
    title = {{Secretary Pattern: Decreasing Coupling while Keeping Reusability}},
    year = {2016},
    booktitle = {Proceedings of the 11th Latin-American Conference on Pattern Languages of Programming},
    author = {Ferreira, Renato Cordeiro and Bonadio, Ígor and Durham, Alan Mitchell},
    pages = {14},
    publisher = {The Hillside Group},
    url = {http://dl.acm.org/citation.cfm?id=3124379&CFID=785380775&CFTOKEN=53691926},
    keywords = {coupling, design patterns, reusability}
}

@article{Chen2024SecurityChallenges,
    title = {{Security for Machine Learning-based Software Systems: A Survey of Threats, Practices, and Challenges}},
    year = {2024},
    journal = {ACM Computing Surveys},
    author = {Chen, Huaming and Babar, M. Ali},
    number = {6},
    month = {2},
    volume = {56},
    publisher = {Association for Computing Machinery},
    doi = {10.1145/3638531},
    issn = {15577341},
    arxivId = {2201.04736},
    keywords = {Additional Key Words and PhrasesMachine learning, secure development practices, software engineering, system security}
}

@article{Easterbrook2008SelectingEngineering,
    title = {{Selecting Empirical Methods for Software Engineering Research Guide to Advanced Empirical Software Engineering}},
    year = {2008},
    journal = {Guide to Advanced Empirical Software Engineering},
    author = {Easterbrook, Steve and Singer, Janice and Storey, Margaret-Anne and Damian, Daniela}
}

@article{Easterbrook2008SelectingResearch,
    title = {{Selecting Empirical Methods for Software Engineering R{\textbackslash}esearch}},
    year = {2008},
    journal = {Guide to Advanced Empirical Software Engineering},
    author = {Easterbrook, Steve and Singer, Janice and Storey, Margaret Anne and Damian, Daniela},
    pages = {285--311},
    publisher = {Springer London},
    isbn = {9781848000438},
    doi = {10.1007/978-1-84800-044-5{\_}11}
}

@article{Sarawagi2005Semi-markovExtraction,
    title = {{Semi-markov conditional random fields for information extraction}},
    year = {2005},
    journal = {Advances in neural information processing},
    author = {Sarawagi, S and Cohen, WW},
    url = {http://papers.nips.cc/paper/2648-semi-markov-conditional-random-fields-for-information-extraction.pdf}
}

@article{Sarawagi2005Semi-markovExtractionb,
    title = {{Semi-markov conditional random fields for information extraction}},
    year = {2005},
    journal = {Advances in neural information processing},
    author = {Sarawagi, S and Cohen, WW},
    url = {http://papers.nips.cc/paper/2648-semi-markov-conditional-random-fields-for-information-extraction.pdf}
}

@article{Yoon2007SignalAnalysis,
    title = {{Signal processing methods for genomic sequence analysis}},
    year = {2007},
    author = {Yoon, BJ},
    url = {http://thesis.library.caltech.edu/5182/}
}

@article{Alexandersson2003SLAM:Model.,
    title = {{SLAM: cross-species gene finding and alignment with a generalized pair hidden Markov model.}},
    year = {2003},
    journal = {Genome research},
    author = {Alexandersson, Marina and Cawley, Simon and Pachter, Lior},
    number = {3},
    month = {3},
    pages = {496--502},
    volume = {13},
    publisher = {Cold Spring Harbor Laboratory Press},
    url = {http://www.ncbi.nlm.nih.gov/pubmed/12618381 http://www.pubmedcentral.nih.gov/articlerender.fcgi?artid=PMC430255},
    doi = {10.1101/gr.424203},
    issn = {1088-9051},
    pmid = {12618381}
}

@article{Ratner2017Snorkel,
    title = {{Snorkel}},
    year = {2017},
    journal = {Proceedings of the VLDB Endowment},
    author = {Ratner, Alexander and Bach, Stephen H. and Ehrenberg, Henry and Fries, Jason and Wu, Sen and R{\'{e}}, Christopher},
    number = {3},
    month = {11},
    pages = {269--282},
    volume = {11},
    publisher = {VLDB EndowmentPUB4722},
    url = {https://dl.acm.org/doi/10.14778/3157794.3157797},
    doi = {10.14778/3157794.3157797},
    issn = {21508097},
    pmid = {29770249},
    arxivId = {1711.10160}
}

@article{Groeneveld2020SoftStudents,
    title = {{Soft Skills: What do Computing Program Syllabi Reveal About Non-Technical Expectations of Undergraduate Students?}},
    year = {2020},
    journal = {Annual Conference on Innovation and Technology in Computer Science Education, ITiCSE},
    author = {Groeneveld, Wouter and Becker, Brett A. and Vennekens, Joost},
    month = {6},
    pages = {287--293},
    publisher = {Association for Computing Machinery},
    doi = {10.1145/3341525.3387396},
    keywords = {computer science education, computing education, curriculum design, learning outcomes, non-technical skills, required skills, soft skills, software developer, syllabus, transferable skills}
}

@article{Martel2020SoftwareIntelligence,
    title = {{Software Architecture Best Practices for Enterprise Artificial Intelligence}},
    year = {2020},
    journal = {Lecture Notes in Informatics (LNI), Proceedings - Series of the Gesellschaft fur Informatik (GI)},
    author = {Martel, Yannick and Ro{\ss}mann, Arne and Sultanow, Eldar and Wei{\ss}, Oliver and Wissel, Matthias and Pelzel, Frank and Se{\ss}ler, Matthias},
    pages = {165--181},
    volume = {P-307},
    publisher = {Gesellschaft fur Informatik (GI)},
    isbn = {9783885797012},
    doi = {10.18420/INF2020{\_}16},
    issn = {16175468},
    keywords = {Artificial Intelligence, Enterprise Architecture, MLOps, Machine Learning, Software Architecture}
}

@article{Lewis2021SoftwareSystems,
    title = {{Software Architecture Challenges for ML Systems}},
    year = {2021},
    journal = {Proceedings - 2021 IEEE International Conference on Software Maintenance and Evolution, ICSME 2021},
    author = {Lewis, Grace A. and Ozkaya, Ipek and Xu, Xiwei},
    pages = {634--638},
    publisher = {Institute of Electrical and Electronics Engineers Inc.},
    isbn = {9781665428828},
    doi = {10.1109/ICSME52107.2021.00071},
    keywords = {machine learning, software architecture, software maintenance and evolution}
}

@misc{Fairbanks2023SoftwareAbstractions,
    title = {{Software Architecture is a Set of Abstractions}},
    year = {2023},
    booktitle = {IEEE Software},
    author = {Fairbanks, George},
    number = {4},
    volume = {40},
    doi = {10.1109/MS.2023.3269675},
    issn = {19374194}
}

@book{Richards2014SoftwareThem,
    title = {{Software Architecture Patterns: Understanding Common Architecture Patterns and When to Use Them}},
    year = {2014},
    author = {Richards, Mark},
    edition = {1st edition},
    pages = {47},
    publisher = {O'Reilly},
    isbn = {9781491971437}
}

@article{Avci2020SoftwareReview,
    title = {{Software Architectures for Big Data: A Systematic Literature Review}},
    year = {2020},
    journal = {Big Data Analytics},
    author = {Avci, Cigdem and Tekinerdogan, Bedir and Athanasiadis, Ioannis N.},
    number = {1},
    month = {12},
    volume = {5},
    publisher = {Springer Science and Business Media LLC},
    doi = {10.1186/S41044-020-00045-1}
}

@article{Konigstorfer2021SoftwareAI,
    title = {{Software documentation is not enough! Requirements for the documentation of AI}},
    year = {2021},
    journal = {Digital Policy, Regulation and Governance},
    author = {K{\"{o}}nigstorfer, Florian and Thalmann, Stefan},
    number = {ahead-of-print},
    month = {10},
    volume = {ahead-of-print},
    publisher = {Emerald Publishing Limited},
    url = {https://www.emerald.com/insight/content/doi/10.1108/DPRG-03-2021-0047/full/html},
    doi = {10.1108/DPRG-03-2021-0047},
    issn = {2398-5038},
    keywords = {Adoption of AI, Artificial intelligence, Documentation, Documentation requirements, Governance of AI}
}

@book{Sommerville2016SoftwareEngineering,
    title = {{Software Engineering}},
    year = {2016},
    booktitle = {Pearson Education Limited},
    author = {Sommerville, Ian},
    edition = {10th},
    pages = {1--705},
    publisher = {Pearson Education},
    isbn = {978-1-292-09613-1}
}

@book{Pressman2020SoftwareApproach,
    title = {{Software Engineering A Practitioner's Approach}},
    year = {2020},
    booktitle = {Software Engineering A Practitioner's Approach 7th Ed - Roger S. Pressman},
    author = {Pressman, Roger S. and Maxim, Bruce R.},
    edition = {9th},
    pages = {1--705},
    publisher = {McGraw-Hill Education},
    isbn = {978-1-260-54800-6}
}

@article{Arpteg2018SoftwareLearning,
    title = {{Software engineering challenges of deep learning}},
    year = {2018},
    journal = {Proceedings - 44th Euromicro Conference on Software Engineering and Advanced Applications, SEAA 2018},
    author = {Arpteg, Anders and Brinne, Björn and Crnkovic-Friis, Luka and Bosch, Jan},
    month = {10},
    pages = {50--59},
    publisher = {Institute of Electrical and Electronics Engineers Inc.},
    isbn = {9781538673829},
    doi = {10.1109/SEAA.2018.00018},
    arxivId = {1810.12034},
    keywords = {Artificial intelligence, Deep learning, Machine learning, Software engineering challenges}
}

@article{Martinez-Fernandez2022SoftwareSurvey,
    title = {{Software Engineering for AI-Based Systems: A Survey}},
    year = {2022},
    journal = {dl.acm.org},
    author = {Mart{\'{i}}nez-Fern{\'{a}}ndez, Silverio and Bogner, Justus and Siebert, Julien and Trendowicz, Adam and Vollmer, Anna Maria and Wagner, Stefan and Franch, Xavier and Oriol, Marc and Bogner, J and Wagner, S and Siebert, ; J and Vollmer, A M},
    number = {2},
    month = {5},
    volume = {31},
    url = {https://dl.acm.org/doi/abs/10.1145/3487043},
    doi = {10.1145/3487043},
    keywords = {Additional Key Words and Phrases: Software engineering, artificial intelligence, AI-based systems, systematic mapping study, CCS Concepts: • Software and its engineering → Software creation and management, • Computing methodologies → Machine learning}
}

@article{Nascimento2020SoftwareReview,
    title = {{Software engineering for artificial intelligence and machine learning software: A systematic literature review}},
    year = {2020},
    author = {Nascimento, Elizamary and Nguyen-Duc, Anh and Sundb{\o}, Ingrid and Conte, Tayana},
    month = {11},
    url = {https://arxiv.org/abs/2011.03751v1},
    doi = {10.48550/arxiv.2011.03751},
    arxivId = {2011.03751},
    keywords = {Artificial Intelligence, Machine Learning, challenges, practices, software engineering}
}

@article{Nascimento2020SoftwareReviewb,
    title = {{Software engineering for Artificial Intelligence and Machine Learning Software: A Systematic Literature Review}},
    year = {2020},
    author = {Nascimento, Elizamary and Nguyen-Duc, Anh and Sundb{\o}, Ingrid and Conte, Tayana},
    month = {11},
    url = {http://arxiv.org/abs/2011.03751},
    arxivId = {2011.03751}
}

@article{Amershi2019SoftwareStudy,
    title = {{Software Engineering for Machine Learning: A Case Study}},
    year = {2019},
    journal = {Proceedings - 2019 IEEE/ACM 41st International Conference on Software Engineering: Software Engineering in Practice, ICSE-SEIP 2019},
    author = {Amershi, Saleema and Begel, Andrew and Bird, Christian and DeLine, Robert and Gall, Harald and Kamar, Ece and Nagappan, Nachiappan and Nushi, Besmira and Zimmermann, Thomas},
    month = {5},
    pages = {291--300},
    publisher = {Institute of Electrical and Electronics Engineers Inc.},
    isbn = {9781728117607},
    doi = {10.1109/ICSE-SEIP.2019.00042},
    keywords = {Artifical Intelligence, Data, Machine Learning, Process, Software Engineering}
}

@article{Khomh2018SoftwareAhead,
    title = {{Software Engineering for Machine-Learning Applications: The Road Ahead}},
    year = {2018},
    journal = {IEEE Software},
    author = {Khomh, Foutse and Adams, Bram and Cheng, Jinghui and Fokaefs, Marios and Antoniol, Giuliano},
    number = {5},
    month = {9},
    pages = {81--84},
    volume = {35},
    publisher = {IEEE Computer Society},
    doi = {10.1109/MS.2018.3571224},
    issn = {19374194},
    keywords = {AI, First Symposium on Software Engineering for Machine Learning Applications, Invited Content, SE, SEMLA, artificial intelligence, machine learning, software development, software engineering}
}

@article{Ferreira2021SoftwareStudy,
    title = {{Software engineering meets deep learning: A mapping study}},
    year = {2021},
    journal = {Proceedings of the ACM Symposium on Applied Computing},
    author = {Ferreira, Fabio and Silva, Luciana Lourdes and Valente, Marco Tulio},
    month = {3},
    pages = {1542--1549},
    publisher = {Association for Computing Machinery},
    isbn = {9781450381048},
    doi = {10.1145/3412841.3442029},
    arxivId = {1909.11436},
    keywords = {deep learning, software engineering}
}

@article{Kriens2019SoftwareLearning,
    title = {{Software Engineering Practices for Machine Learning}},
    year = {2019},
    author = {Kriens, Peter and Verbelen, Tim},
    month = {6},
    url = {https://arxiv.org/abs/1906.10366v1},
    arxivId = {1906.10366}
}

@book{Fenton2014SoftwareEdition,
    title = {{Software Metrics: A Rigorous and Practical Approach, Third Edition}},
    year = {2014},
    booktitle = {Software Metrics: A Rigorous and Practical Approach, Third Edition},
    author = {Fenton, Norman and Bieman, James},
    doi = {10.1201/b17461}
}

@article{Washizaki2022Software-EngineeringApplications,
    title = {{Software-Engineering Design Patterns for Machine Learning Applications}},
    year = {2022},
    journal = {Computer},
    author = {Washizaki, Hironori and Khomh, Foutse and Gueheneuc, Yann-Gael and Takeuchi, Hironori and Natori, Naotake and Doi, Takuo and Okuda, Satoshi},
    number = {3},
    month = {3},
    pages = {30--39},
    volume = {55},
    publisher = {Institute of Electrical and Electronics Engineers (IEEE)},
    doi = {10.1109/MC.2021.3137227},
    issn = {0018-9162}
}

@article{Kumeno2020SofwareReview,
    title = {{Sofware engneering challenges for machine learning applications: A literature review}},
    year = {2020},
    journal = {Intelligent Decision Technologies},
    author = {Kumeno, Fumihiro},
    number = {4},
    month = {2},
    pages = {463--476},
    volume = {13},
    publisher = {IOS Press},
    doi = {10.3233/IDT-190160}
}

@article{Nalchigar2019SolutionLearning,
    title = {{Solution Patterns for Machine Learning}},
    year = {2019},
    journal = {Lecture Notes in Computer Science (including subseries Lecture Notes in Artificial Intelligence and Lecture Notes in Bioinformatics)},
    author = {Nalchigar, Soroosh and Yu, Eric and Obeidi, Yazan and Carbajales, Sebastian and Green, John and Chan, Allen},
    pages = {627--642},
    volume = {11483 LNCS},
    publisher = {Springer Verlag},
    doi = {10.1007/978-3-030-21290-2{\_}39},
    keywords = {Advanced analytics, Business analytics, Conceptual modeling, Design patterns, Machine learning}
}

@article{Ferreira2022SPIRA:Detection,
    title = {{SPIRA: Building an Intelligent System for Respiratory Insufficiency Detection}},
    year = {2022},
    journal = {Workshop Brasileiro de Engenharia de Software Inteligente (ISE)},
    author = {Ferreira, Renato Cordeiro and Gomes, Dayanne and Tamae, Vitor and Wernke, Francisco and Goldman, Alfredo},
    month = {10},
    pages = {19--22},
    volume = {1},
    publisher = {SBC},
    doi = {10.5753/ISE.2022.227048},
    keywords = {Intelligent Systems Architecture, Respiratory Insufficiency}
}

@article{Hastie2015StandishLynch,
    title = {{Standish Group 2015 Chaos Report - Q{\&}A with Jennifer Lynch}},
    year = {2015},
    journal = {Http://Www.Infoq.Com/Articles/Standish-Chaos-2015},
    author = {Hastie, Shane and Wojewoda, Stéphane}
}

@article{Jahic2020StateSystems,
    title = {{State of the Practice Survey: Predicting the Influence of AI Adoption on System Software Architecture in Traditional Embedded Systems}},
    year = {2020},
    journal = {Communications in Computer and Information Science},
    author = {Jahi{\'{c}}, Jasmin and Roitsch, Robin},
    pages = {155--169},
    volume = {1269 CCIS},
    publisher = {Springer, Cham},
    url = {https://link.springer.com/chapter/10.1007/978-3-030-59155-7_12},
    isbn = {978-3-030-59155-7},
    doi = {10.1007/978-3-030-59155-7{\_}12},
    issn = {1865-0937},
    keywords = {Adequacy check, Artificial intelligence, Embedded systems, Software architecture, System architecture}
}

@incollection{Yoder2020StranglerPatterns,
    title = {{Strangler Patterns}},
    year = {2020},
    booktitle = {Proceedings of the 27th Conference on Pattern Languages of Programs},
    author = {Yoder, Joseph W and Merson, Paulo}
}

@article{Yoon2008StructuralResults,
    title = {{Structural alignment of RNAs using profile-csHMMs and its application to RNA homology search: overview and new results}},
    year = {2008},
    journal = {IEEE Transactions on Automatic},
    author = {Yoon, BJ and Vaidyanathan, PP},
    url = {http://ieeexplore.ieee.org/abstract/document/4439827/}
}

@article{Washizaki2019StudyingSystems,
    title = {{Studying Software Engineering Patterns for Designing Machine Learning Systems}},
    year = {2019},
    journal = {Proceedings - 2019 10th International Workshop on Empirical Software Engineering in Practice, IWESEP 2019},
    author = {Washizaki, Hironori and Uchida, Hiromu and Khomh, Foutse and Gu{\'{e}}h{\'{e}}neuc, Yann Gaël},
    month = {12},
    pages = {49--54},
    publisher = {Institute of Electrical and Electronics Engineers Inc.},
    doi = {10.1109/IWESEP49350.2019.00017},
    keywords = {Anti-patterns, Architecture Patterns, Design Patterns, ML Patterns, Machine Learning}
}

@article{Openja2022StudyingDocker,
    title = {{Studying the Practices of Deploying Machine Learning Projects on Docker}},
    year = {2022},
    journal = {ACM International Conference Proceeding Series},
    author = {Openja, Moses and Majidi, Forough and Khomh, Foutse and Chembakottu, Bhagya and Li, Heng},
    month = {6},
    pages = {190--200},
    publisher = {Association for Computing Machinery},
    isbn = {9781450396134},
    doi = {10.1145/3530019.3530039},
    arxivId = {2206.00699},
    keywords = {Deep Neural Network, Deployment, Docker, Machine Learning}
}

@article{Ji2023SurveyGeneration,
    title = {{Survey of Hallucination in Natural Language Generation}},
    year = {2023},
    journal = {ACM Computing Surveys},
    author = {Ji, Ziwei and Lee, Nayeon and Frieske, Rita and Yu, Tiezheng and Su, Dan and Xu, Yan and Ishii, Etsuko and Bang, Ye Jin and Madotto, Andrea and Fung, Pascale},
    number = {12},
    month = {3},
    volume = {55},
    publisher = {Association for Computing Machinery},
    doi = {10.1145/3571730},
    issn = {15577341},
    arxivId = {2202.03629},
    keywords = {Additional Key Words and PhrasesHallucination, consistency in NLG, extrinsic hallucination, factuality in NLG, faithfulness in NLG, intrinsic hallucination}
}

@article{Tamburri2020SustainableChallenges,
    title = {{Sustainable MLOps: Trends and Challenges}},
    year = {2020},
    journal = {Proceedings - 2020 22nd International Symposium on Symbolic and Numeric Algorithms for Scientific Computing, SYNASC 2020},
    author = {Tamburri, Damian A.},
    month = {9},
    pages = {17--23},
    publisher = {Institute of Electrical and Electronics Engineers Inc.},
    isbn = {9781728176284},
    doi = {10.1109/SYNASC51798.2020.00015},
    keywords = {DataOps, MLOps, Machine-Learning Operations, Software Sustainability}
}

@article{Chen2020SynergizingGuideline,
    title = {{Synergizing Domain Expertise with Self-Awareness in Software Systems: A Patternized Architecture Guideline}},
    year = {2020},
    journal = {Proceedings of the IEEE},
    author = {Chen, Tao and Bahsoon, Rami and Yao, Xin},
    number = {7},
    month = {7},
    pages = {1094--1126},
    volume = {108},
    publisher = {Institute of Electrical and Electronics Engineers Inc.},
    doi = {10.1109/JPROC.2020.2985293},
    issn = {15582256},
    keywords = {Architectural patterns, human-in-the-loop, self-adaptive software systems, self-aware software systems}
}

@article{Jalali2012SystematicSnowballing,
    title = {{Systematic Literature Studies: Database Searches vs. Backward Snowballing}},
    year = {2012},
    journal = {International Symposium on Empirical Software Engineering and Measurement},
    author = {Jalali, Samireh and Wohlin, Claes},
    pages = {29--38},
    doi = {10.1145/2372251.2372257},
    issn = {19493770},
    keywords = {Agile practices, Global software engineering, Snowballing, Systematic literature review}
}

@article{Kitchenham2012SystematicEngineering,
    title = {{Systematic Review in Software Engineering}},
    year = {2012},
    author = {Kitchenham, Barbara A.},
    month = {9},
    pages = {1--2},
    publisher = {Association for Computing Machinery (ACM)},
    doi = {10.1145/2372233.2372235}
}

@inproceedings{Ferreira2020TeachingMicroservices,
    title = {{Teaching Complex Systems based on Microservices}},
    year = {2020},
    booktitle = {amp.fe.up.pt},
    author = {Ferreira, Renato Cordeiro and Rosa, Thatiane and Goldman, Alfredo and Guerra, Eduardo},
    url = {https://amp.fe.up.pt/2020/assets/papers/paper3.v1.pdf},
    keywords = {Complex, Computing, Education, Microservices {\textperiodcentered}, Systems {\textperiodcentered}}
}

@inproceedings{Kastner2020TeachingSystems,
    title = {{Teaching Software Engineering for AI-Enabled Systems}},
    year = {2020},
    booktitle = {Proceedings - International Conference on Software Engineering},
    author = {K{\"{a}}stner, Christian and Kang, Eunsuk},
    doi = {10.1145/3377814.3381714},
    issn = {02705257}
}

@misc{Microsoft2021TeamDocumentation,
    title = {{Team Data Science Process Documentation}},
    year = {2021},
    booktitle = {2021-03-15},
    author = {{Microsoft}}
}

@book{Skelton2019TeamFlow,
    title = {{Team Topologies: Organizing Business and Technology Teams for Fast Flow}},
    year = {2019},
    booktitle = {Journal of Modern African Studies},
    author = {Skelton, Matthew and Pais, Manuel},
    number = {17},
    volume = {35},
    issn = {0022-278X}
}

@article{Baylor2017TFX:Platform,
    title = {{TFX: A TensorFlow-based production-scale machine learning platform}},
    year = {2017},
    journal = {Proceedings of the ACM SIGKDD International Conference on Knowledge Discovery and Data Mining},
    author = {Baylor, Denis and Breck, Eric and Cheng, Heng Tze and Fiedel, Noah and Foo, Chuan Yu and Haque, Zakaria and Haykal, Salem and Ispir, Mustafa and Jain, Vihan and Koc, Levent and Koo, Chiu Yuen and Lew, Lukasz and Mewald, Clemens and Modi, Akshay Naresh and Polyzotis, Neoklis and Ramesh, Sukriti and Roy, Sudip and Whang, Steven Euijong and Wicke, Martin and Wilkiewicz, Jarek and Zhang, Xin and Zinkevich, Martin},
    month = {8},
    pages = {1387--1395},
    volume = {Part F129685},
    publisher = {Association for Computing Machinery},
    doi = {10.1145/3097983.3098021},
    keywords = {Continuous training, End-to-end platform, Large-scale machine learning}
}

@article{Jackson2019TheHealthcare,
    title = {{The Agile Deployment of Machine Learning Models in Healthcare}},
    year = {2019},
    journal = {Frontiers in Big Data},
    author = {Jackson, Stuart and Yaqub, Maha and Li, Cheng-Xi},
    month = {1},
    volume = {1},
    publisher = {Frontiers Media SA},
    doi = {10.3389/FDATA.2018.00007}
}

@article{Jackson2019TheHealthcareb,
    title = {{The Agile Deployment of Machine Learning Models in Healthcare}},
    year = {2019},
    journal = {Frontiers in Big Data},
    author = {Jackson, Stuart and Yaqub, Maha and Li, Cheng Xi},
    month = {1},
    volume = {1},
    publisher = {Frontiers Media S.A.},
    doi = {10.3389/FDATA.2018.00007},
    issn = {2624909X},
    keywords = {agile, analytics engineering, continuous delivery, health informatics, machine learning}
}

@article{Carleton2020TheSE,
    title = {{The AI Effect: Working at the Intersection of AI and SE}},
    year = {2020},
    journal = {IEEE Software},
    author = {Carleton, Anita D. and Harper, Erin and Menzies, Tim and Xie, Tao and Eldh, Sigrid and Lyu, Michael R.},
    number = {4},
    month = {7},
    pages = {26--35},
    volume = {37},
    publisher = {IEEE Computer Society},
    doi = {10.1109/MS.2020.2987666},
    issn = {19374194}
}

@article{Rogati2017TheNeeds,
    title = {{The AI Hierarchy of Needs}},
    year = {2017},
    journal = {Hacker Noon},
    author = {Rogati, Monica},
    volume = {20}
}

@book{Stroustrup2013TheEdition,
    title = {{The C++ Programming Language, 4th Edition}},
    year = {2013},
    author = {Stroustrup, Bjarne},
    pages = {1368},
    publisher = {Addison-Wesley},
    isbn = {0321563840}
}

@misc{BrownTheArchitecture,
    title = {{The C4 model for visualising software architecture}},
    author = {Brown, Simon},
    url = {https://c4model.com/}
}

@inproceedings{Cai2015TheEra,
    title = {{The Challenges of Data Quality and Data Quality Assessment in the Big Data Era}},
    year = {2015},
    booktitle = {Data Science Journal},
    author = {Cai, Li and Zhu, Yangyong},
    volume = {14},
    doi = {10.5334/dsj-2015-002},
    issn = {16831470}
}

@article{Shearer2000TheMining,
    title = {{The CRISP-DM model: The New Blueprint for Data Mining}},
    year = {2000},
    journal = {Journal of Data Warehousing},
    author = {Shearer, Colin and Watson, Hugh J and Grecich, Daryl G and Moss, Larissa and Adelman, Sid and Hammer, Katherine and Herdlein, Stacey a}
}

@book{Kim2021TheOrganizations,
    title = {{The DevOps Handbook: How to Create World-Class Agility, Reliability, {\&} Security in Technology Organizations}},
    year = {2021},
    author = {Kim, Gene and Humble, Jez and Debois, Patrick and Willis, John and Forsgren, Nicole},
    edition = {2},
    month = {11},
    pages = {1--528},
    publisher = {IT Revolution Press},
    isbn = {978-1950508402}
}

@article{Kim2016TheTeams,
    title = {{The emerging role of data scientists on software development teams}},
    year = {2016},
    journal = {Proceedings - International Conference on Software Engineering},
    author = {Kim, Miryung and Zimmermann, Thomas and DeLine, Robert and Begel, Andrew},
    month = {5},
    pages = {96--107},
    volume = {14-22-May-2016},
    publisher = {IEEE Computer Society},
    isbn = {9781450339001},
    doi = {10.1145/2884781.2884783},
    issn = {02705257}
}

@article{Kim2016TheTeamsb,
    title = {{The emerging role of data scientists on software development teams}},
    year = {2016},
    journal = {Proceedings - International Conference on Software Engineering},
    author = {Kim, Miryung and Zimmermann, Thomas and DeLine, Robert and Begel, Andrew},
    month = {5},
    pages = {96--107},
    volume = {14-22-May-2016},
    publisher = {IEEE Computer Society},
    url = {https://dl.acm.org/doi/10.1145/2884781.2884783},
    isbn = {9781450339001},
    doi = {10.1145/2884781.2884783},
    issn = {02705257},
    keywords = {D29 [Management] General Terms: Management, Human Factors, Measurement}
}

@article{Chadli2024TheStudy,
    title = {{The Environmental Cost of Engineering Machine Learning-Enabled Systems: A Mapping Study}},
    year = {2024},
    journal = {EuroMLSys 2024 - Proceedings of the 2024 4th Workshop on Machine Learning and Systems},
    author = {Chadli, Kouider and Botterweck, Goetz and Saber, Takfarinas},
    month = {4},
    pages = {200--207},
    publisher = {Association for Computing Machinery, Inc},
    doi = {10.1145/3642970.3655828},
    keywords = {DevOps, Environmental Cost, MLOps, Machine Learning-Enabled Systems, Sustainability}
}

@article{Menzies2020TheAI,
    title = {{The Five Laws of SE for AI}},
    year = {2020},
    journal = {IEEE Software},
    author = {Menzies, Tim},
    number = {1},
    month = {1},
    pages = {81--85},
    volume = {37},
    publisher = {IEEE Computer Society},
    doi = {10.1109/MS.2019.2954841}
}

@book{Meyerson2014TheLanguage,
    title = {{The Go Programming Language}},
    year = {2014},
    booktitle = {Software, IEEE},
    author = {Meyerson, Jeff},
    edition = {1st},
    number = {5},
    pages = {104},
    volume = {31},
    publisher = {Addison-Wesley Professional},
    isbn = {9780321817143},
    doi = {10.1109/MS.2014.127},
    issn = {0740-7459},
    pmid = {25246403},
    arxivId = {arXiv:1011.1669v3},
    keywords = {Andrew Gerrand;C;Go;Google;arrays;build times;comp}
}

@article{Fayyad1996TheData,
    title = {{The KDD Process for Extracting Useful Knowledge from Volumes of Data}},
    year = {1996},
    journal = {Communications of the ACM},
    author = {Fayyad, Usama and Piatetsky-Shapiro, Gregory and Smyth, Padhraic},
    number = {11},
    pages = {27--34},
    volume = {39},
    publisher = {Association for Computing Machinery (ACM)},
    doi = {10.1145/240455.240464}
}

@article{Denzler2015TheBiogenesis,
    title = {{The long, the short, and the unstructured: A unifying model of miRNA biogenesis}},
    year = {2015},
    journal = {Molecular cell},
    author = {Denzler, R and Stoffel, M},
    url = {http://www.sciencedirect.com/science/article/pii/S1097276515007340}
}

@article{Fang2015TheGenes,
    title = {{The menu of features that define primary microRNAs and enable de novo design of microRNA genes}},
    year = {2015},
    journal = {Molecular cell},
    author = {Fang, W and Bartel, DP},
    url = {http://www.sciencedirect.com/science/article/pii/S1097276515006619}
}

@article{Breck2017TheReduction,
    title = {{The ML test score: A rubric for ML production readiness and technical debt reduction}},
    year = {2017},
    journal = {Proceedings - 2017 IEEE International Conference on Big Data, Big Data 2017},
    author = {Breck, Eric and Cai, Shanqing and Nielsen, Eric and Salib, Michael and Sculley, D.},
    month = {7},
    pages = {1123--1132},
    volume = {2018-January},
    publisher = {Institute of Electrical and Electronics Engineers Inc.},
    doi = {10.1109/BIGDATA.2017.8258038},
    keywords = {Best Practices, Machine Learning, Monitoring, Reliability, Technical Debt, Testing}
}

@article{Parnas1985TheSystems,
    title = {{The Modular Structure of Complex Systems}},
    year = {1985},
    journal = {IEEE Transactions on Software Engineering},
    author = {Parnas, David L. and Clements, Paul C. and Weiss, David M.},
    number = {3},
    volume = {SE-11},
    doi = {10.1109/TSE.1985.232209},
    issn = {00985589}
}

@article{Brooks1975TheMan-Month,
    title = {{The Mythical Man-Month}},
    year = {1975},
    journal = {ACM SIGPLAN Notices},
    author = {Brooks, Fred P.},
    number = {6},
    volume = {10},
    doi = {10.1145/390016.808439},
    issn = {15581160}
}

@article{Braiek2018TheFrameworks,
    title = {{The open-closed principle of modern machine learning frameworks}},
    year = {2018},
    journal = {Proceedings - International Conference on Software Engineering},
    author = {Braiek, Houssem Ben and Khomh, Foutse and Adams, Bram},
    month = {5},
    pages = {353--363},
    publisher = {IEEE Computer Society},
    isbn = {9781450357166},
    doi = {10.1145/3196398.3196445},
    issn = {02705257},
    keywords = {framework, machine learning, open source, technology adoption}
}

@article{Steidl2023ThePractice,
    title = {{The Pipeline for the Continuous Development of Artificial Intelligence Models — Current State of Research and Practice}},
    year = {2023},
    journal = {Journal of Systems and Software},
    author = {Steidl, Monika and Felderer, Michael and Ramler, Rudolf},
    month = {5},
    volume = {199},
    publisher = {Elsevier Inc.},
    doi = {10.1016/J.JSS.2023.111615},
    issn = {01641212},
    arxivId = {2301.09001},
    keywords = {CI/CD for AI, Continuous (end-to-end) lifecycle pipeline for AI, Continuous development of AI, DevOps for AI, MLOps, Multivocal literature review}
}

@article{Steidl2023ThePracticeb,
    title = {{The pipeline for the continuous development of artificial intelligence models—Current state of research and practice}},
    year = {2023},
    journal = {Journal of Systems and Software},
    author = {Steidl, Monika and Felderer, Michael and Ramler, Rudolf},
    volume = {199},
    doi = {10.1016/j.jss.2023.111615},
    issn = {01641212}
}

@article{VanOort2021TheProjects,
    title = {{The prevalence of code smells in machine learning projects}},
    year = {2021},
    journal = {Proceedings - 2021 IEEE/ACM 1st Workshop on AI Engineering - Software Engineering for AI, WAIN 2021},
    author = {Van Oort, Bart and Cruz, Luis and Aniche, Mauricio and Van Deursen, Arie},
    month = {5},
    pages = {35--42},
    publisher = {Institute of Electrical and Electronics Engineers Inc.},
    isbn = {9781665444705},
    doi = {10.1109/WAIN52551.2021.00011},
    arxivId = {2103.04146},
    keywords = {Artificial Intelligence, Machine Learning, Python, code smells, dependency management, static code analysis}
}

@article{Thomas2020TheAI,
    title = {{The Problem with Metrics is a Fundamental Problem for AI}},
    year = {2020},
    author = {Thomas, Rachel and Uminsky, David},
    month = {2},
    url = {https://arxiv.org/abs/2002.08512v1},
    arxivId = {2002.08512}
}

@article{Boner2014TheManifesto,
    title = {{The Reactive Manifesto}},
    year = {2014},
    journal = {Reactivemanifesto.Org},
    author = {Bon{\'{e}}r, Jonas and Farley, Dave and Kuhn, Roland and Thompson, Martin},
    number = {16 September 2014},
    volume = {2}
}

@article{Forward2002TheTechnologies,
    title = {{The relevance of software documentation, tools and technologies}},
    year = {2002},
    journal = {Proceedings of the 2002 ACM symposium on Document engineering  - DocEng '02},
    author = {Forward, Andrew and Lethbridge, Timothy C.},
    pages = {26},
    publisher = {ACM Press},
    url = {http://portal.acm.org/citation.cfm?doid=585058.585065},
    address = {New York, New York, USA},
    doi = {10.1145/585058.585065}
}

@inproceedings{Tu2009TheMetrics,
    title = {{The Research on Software Metrics and Software Complexity Metrics}},
    year = {2009},
    booktitle = {IFCSTA 2009 Proceedings - 2009 International Forum on Computer Science-Technology and Applications},
    author = {Tu, Honglei and Sun, Wei and Zhang, Yanan},
    volume = {1},
    doi = {10.1109/IFCSTA.2009.39}
}

@article{Eveleens2010TheFigures,
    title = {{The rise and fall of the Chaos report figures}},
    year = {2010},
    journal = {IEEE Software},
    author = {Eveleens, Johan Laurenz and Verhoef, Chris},
    number = {1},
    volume = {27},
    doi = {10.1109/MS.2009.154},
    issn = {07407459}
}

@article{Baumer1998ThePattern,
    title = {{The Role Object Pattern}},
    year = {1998},
    journal = {WASHINGTON UNIVERSITY DEPT. OF COMPUTER SCIENCE},
    author = {B{\"{a}}umer, Dirk and B{\"{a}}umer, Dirk and Riehle, Dirk and Siberski, Wolf and Wulf, Martina},
    url = {http://citeseerx.ist.psu.edu/viewdoc/summary?doi=10.1.1.38.9491}
}

@book{Blandm2015TheBeautiful,
    title = {{The Rust Programming Language: Fast, Safe, and Beautiful}},
    year = {2015},
    author = {Blandm, Jim},
    publisher = {O'Reilly Media, Inc.},
    isbn = {9781491925447}
}

@article{Paterson2009TheGrasses.,
    title = {{The Sorghum bicolor genome and the diversification of grasses.}},
    shorttitle = {Nature},
    year = {2009},
    journal = {Nature},
    author = {Paterson, Andrew H and Bowers, John E and Bruggmann, Rémy and Dubchak, Inna and Grimwood, Jane and Gundlach, Heidrun and Haberer, Georg and Hellsten, Uffe and Mitros, Therese and Poliakov, Alexander and Schmutz, Jeremy and Spannagl, Manuel and Tang, Haibao and Wang, Xiyin and Wicker, Thomas and Bharti, Arvind K and Chapman, Jarrod and Feltus, F Alex and Gowik, Udo and Grigoriev, Igor V and Lyons, Eric and Maher, Christopher A and Martis, Mihaela and Narechania, Apurva and Otillar, Robert P and Penning, Bryan W and Salamov, Asaf A and Wang, Yu and Zhang, Lifang and Carpita, Nicholas C and Freeling, Michael and Gingle, Alan R and Hash, C Thomas and Keller, Beat and Klein, Patricia and Kresovich, Stephen and McCann, Maureen C and Ming, Ray and Peterson, Daniel G and {Mehboob-ur-Rahman} and Ware, Doreen and Westhoff, Peter and Mayer, Klaus F X and Messing, Joachim and Rokhsar, Daniel S},
    number = {7229},
    month = {1},
    pages = {551--6},
    volume = {457},
    publisher = {Macmillan Publishers Limited. All rights reserved},
    url = {http://dx.doi.org/10.1038/nature07723},
    doi = {10.1038/nature07723},
    issn = {1476-4687},
    pmid = {19189423},
    keywords = {Arabidopsis, Arabidopsis: genetics, Chromosomes, Plant, Chromosomes, Plant: genetics, Evolution, Molecular, Gene Duplication, Genes, Plant, Genome, Plant, Genome, Plant: genetics, Oryza sativa, Oryza sativa: genetics, Poaceae, Poaceae: genetics, Populus, Populus: genetics, Recombination, Genetic, Recombination, Genetic: genetics, Sequence Alignment, Sequence Analysis, DNA, Sequence Deletion, Sequence Deletion: genetics, Sorghum, Sorghum: genetics, Zea mays, Zea mays: genetics}
}

@book{Reilly2022TheChange,
    title = {{The Staff Engineer's Path: A Guide for Individual Contributors Navigating Growth and Change}},
    year = {2022},
    author = {Reilly, Tanya.},
    edition = {1},
    pages = {1--356},
    volume = {},
    url = {https://www.oreilly.com/library/view/the-staff-engineers/9781098118723/},
    isbn = {9781098118730}
}

@article{VaronMaya2021TheMLOps,
    title = {{The state of MLOps}},
    year = {2021},
    author = {Varon Maya, Andrés Felipe},
    publisher = {Universidad de los Andes},
    url = {https://repositorio.uniandes.edu.co/handle/1992/51495},
    keywords = {Bogot{\'{a}}, Colombia, Universidad de los Andes, acceso abierto, docencia, extensi{\'{o}}n, institutional repository, investigaci{\'{o}}n, open access, repositorio institucional, research}
}

@article{Gonzalez2020TheGitHub,
    title = {{The State of the ML-universe: 10 Years of Artificial Intelligence {\&} Machine Learning Software Development on GitHub}},
    year = {2020},
    journal = {Proceedings - 2020 IEEE/ACM 17th International Conference on Mining Software Repositories, MSR 2020},
    author = {Gonzalez, Danielle and Zimmermann, Thomas and Nagappan, Nachiappan},
    month = {6},
    pages = {431--442},
    publisher = {Association for Computing Machinery, Inc},
    isbn = {9781450379571},
    doi = {10.1145/3379597.3387473},
    keywords = {GitHub, Open Source, artificial intelligence, machine learning, mining software repositories, software engineering}
}

@book{Johnson1998ThePattern,
    title = {{The Type Object pattern}},
    year = {1998},
    booktitle = {Pattern languages of program design 3},
    author = {Johnson, Ralph and Woolf, Bobby},
    pages = {47--65},
    publisher = {Addison-Wesley},
    isbn = {0201310112}
}

@incollection{Doran1981TheresObjectives.,
    title = {{There's a SMART way to write managements's goals and objectives.}},
    year = {1981},
    booktitle = {search.ebscohost.com},
    author = {Doran, GT},
    url = {https://search.ebscohost.com/login.aspx?direct=true&profile=ehost&scope=site&authtype=crawler&jrnl=00251895&asa=N&AN=6043491&h=yB9QCoJb8uaFs9Nm11uozmwHu3e7sYhfSYb5nmCQq72tvLL9jmBfd8MwT%2FHp8%2F8FB6WEKpmzkeGDxz7Br17mVA%3D%3D&crl=c}
}

@article{Kashiwabara2013ToPS:Data,
    title = {{ToPS: A Framework to Manipulate Probabilistic Models of Sequence Data}},
    year = {2013},
    journal = {PLoS Computational Biology},
    author = {Kashiwabara, Andre Yoshiaki and Bonadio, Igor and Onuchic, Vitor and Amado, Felipe and Mathias, Rafael and Durham, Alan Mitchell},
    editor = {Lapp, Hilmar},
    number = {10},
    month = {10},
    pages = {e1003234},
    volume = {9},
    publisher = {Public Library of Science},
    url = {http://journals.plos.org/ploscompbiol/article?id=10.1371/journal.pcbi.1003234},
    doi = {10.1371/journal.pcbi.1003234},
    issn = {1553-7358}
}

@article{Tsai2021TowardSystems,
    title = {{Toward Blockchain for Intelligent Systems}},
    year = {2021},
    journal = {IEEE Consumer Electronics Magazine},
    author = {Tsai, Chun Wei},
    publisher = {Institute of Electrical and Electronics Engineers Inc.},
    doi = {10.1109/MCE.2021.3076611},
    keywords = {Artificial intelligence, Blockchain, Consumer electronics, Deep learning, Prediction algorithms, Training, Training data}
}

@article{Stumpf2007TowardLearning,
    title = {{Toward harnessing user feedback for machine learning}},
    year = {2007},
    journal = {International Conference on Intelligent User Interfaces, Proceedings IUI},
    author = {Stumpf, Simone and Rajaram, Vidya and Li, Lida and Burnett, Margaret and Dietterich, Thomas and Sullivan, Erin and Drummond, Russell and Herlocker, Jonathan},
    pages = {82--91},
    doi = {10.1145/1216295.1216316},
    keywords = {Explanations, Machine learning, User feedback for learning}
}

@article{DeSilva2020TowardApplications,
    title = {{Toward Intelligent Industrial Informatics: A Review of Current Developments and Future Directions of Artificial Intelligence in Industrial Applications}},
    year = {2020},
    journal = {IEEE Industrial Electronics Magazine},
    author = {De Silva, Daswin and Sierla, Seppo and Alahakoon, Damminda and Osipov, Evgeny and Yu, Xinghuo and Vyatkin, Valeriy},
    number = {2},
    month = {6},
    pages = {57--72},
    volume = {14},
    publisher = {Institute of Electrical and Electronics Engineers Inc.},
    doi = {10.1109/MIE.2019.2952165},
    issn = {19410115}
}

@article{Lyu2022TowardsModels,
    title = {{Towards a Consistent Interpretation of AIOps Models}},
    year = {2022},
    journal = {ACM Transactions on Software Engineering and Methodology},
    author = {Lyu, Yingzhe and Krishnan Rajbahadur, Gopi and Lin, Dayi and Chen, Boyuan and Ming Jiang, Zhen and Ming, Zhen and Rajbahadur, G K and Lin, D and Chen, B and Jiang, Jack},
    number = {1},
    month = {1},
    pages = {1--38},
    volume = {31},
    publisher = {Association for Computing Machinery (ACM)},
    url = {https://doi.org/10.1145/3488269},
    isbn = {10.1145/3488269},
    doi = {10.1145/3488269},
    issn = {1049-331X},
    keywords = {Additional Key Words and Phrases: AIOps, model interpretation ACM Reference format:, CCS Concepts: • Computing methodologies → Machine learning, Maintaining software, Software evolution, • Software and its engineering → Software maintenance tools}
}

@article{Hutchinson2021TowardsInfrastructure,
    title = {{Towards accountability for machine learning datasets: Practices from software engineering and infrastructure}},
    year = {2021},
    journal = {FAccT 2021 - Proceedings of the 2021 ACM Conference on Fairness, Accountability, and Transparency},
    author = {Hutchinson, Ben and Smart, Andrew and Hanna, Alex and Denton, Emily and Greer, Christina and Kjartansson, Oddur and Barnes, Parker and Mitchell, Margaret},
    month = {3},
    pages = {560--575},
    publisher = {Association for Computing Machinery, Inc},
    url = {https://doi.org/10.1145/3442188.3445918},
    doi = {10.1145/3442188.3445918},
    keywords = {Datasets, Machine learning, Requirements engineering}
}

@article{Mojica-Hanke2023TowardsPractices,
    title = {{Towards Machine Learning Guided by Best Practices}},
    year = {2023},
    journal = {Proceedings - International Conference on Software Engineering},
    author = {Mojica-Hanke, Anamaria},
    pages = {240--244},
    publisher = {IEEE Computer Society},
    isbn = {9798350322637},
    doi = {10.1109/ICSE-COMPANION58688.2023.00065},
    issn = {02705257},
    arxivId = {2305.00233},
    keywords = {Machine learning, good practices, software en-gineering}
}

@article{Zhou2020TowardsPlatform,
    title = {{Towards MLOps: A Case Study of ML Pipeline Platform}},
    year = {2020},
    journal = {Proceedings - 2020 International Conference on Artificial Intelligence and Computer Engineering, ICAICE 2020},
    author = {Zhou, Yue and Yu, Yue and Ding, Bo},
    month = {10},
    pages = {494--500},
    publisher = {Institute of Electrical and Electronics Engineers Inc.},
    doi = {10.1109/ICAICE51518.2020.00102},
    keywords = {DevOps, MLOps, continuous training, end-to-end platform, machine learning}
}

@inproceedings{John2021TowardsModel,
    title = {{Towards MLOps: A Framework and Maturity Model}},
    year = {2021},
    booktitle = {Proceedings - 2021 47th Euromicro Conference on Software Engineering and Advanced Applications, SEAA 2021},
    author = {John, Meenu Mary and Olsson, Helena Holmstrom and Bosch, Jan},
    doi = {10.1109/SEAA53835.2021.00050}
}

@article{John2021TowardsModelb,
    title = {{Towards MLOps: A Framework and Maturity Model}},
    year = {2021},
    journal = {Proceedings - 2021 47th Euromicro Conference on Software Engineering and Advanced Applications, SEAA 2021},
    author = {John, Meenu Mary and Olsson, Helena Holmstrom and Bosch, Jan},
    month = {9},
    pages = {334--341},
    publisher = {Institute of Electrical and Electronics Engineers Inc.},
    isbn = {9781665427050},
    doi = {10.1109/SEAA53835.2021.00050},
    keywords = {Framework, GLR, MLOps, Maturity Model, SLR, Validation Study}
}

@article{Wang2018TowardsFramework,
    title = {{Towards open and automated customer service: A Blockchain-based AutoML Framework}},
    year = {2018},
    journal = {ACM International Conference Proceeding Series},
    author = {Wang, Wai Ming and Guo, Hanyang and Li, Zhi and Shen, Yunhui and Barenji, Ali Vatankhah},
    month = {10},
    publisher = {Association for Computing Machinery},
    doi = {10.1145/3207677.3277939},
    keywords = {AutoML, Blockchain, Customer service, Open knowledge repository}
}

@article{Sunny2021TowardsEcosystem,
    title = {{Towards Tool-Support for Interactive-Machine Learning Applications in the Android Ecosystem}},
    year = {2021},
    author = {Sunny, Muhammad Mehran and Berghofer, Moritz and Aslan, Ilhan},
    month = {3},
    url = {http://arxiv.org/abs/2103.14852},
    arxivId = {2103.14852}
}

@article{Hilllaz2016TrialsStudy,
    title = {{Trials and tribulations of developers of intelligent systems: A field study}},
    year = {2016},
    journal = {Proceedings of IEEE Symposium on Visual Languages and Human-Centric Computing, VL/HCC},
    author = {Hilllaz, Charles and Bellarnyz, Rachel and Ericksonz, Thomas and Burnett, Margaret},
    month = {11},
    pages = {162--170},
    volume = {2016-November},
    publisher = {IEEE Computer Society},
    isbn = {9781509002528},
    doi = {10.1109/VLHCC.2016.7739680},
    issn = {19436106},
    keywords = {Empirical, applying machine learning, machim learning}
}

@article{Schmelczer2023TrustworthyPipelines,
    title = {{Trustworthy and Robust AI Deployment by Design: A framework to Inject Best Practice Support into AI Deployment Pipelines}},
    year = {2023},
    journal = {Proceedings - 2023 IEEE/ACM 2nd International Conference on AI Engineering - Software Engineering for AI, CAIN 2023},
    author = {Schmelczer, András and Visser, Joost},
    pages = {127--138},
    publisher = {Institute of Electrical and Electronics Engineers Inc.},
    isbn = {9798350301137},
    doi = {10.1109/CAIN58948.2023.00030},
    keywords = {AI engineering, best practices, deployment, robustness, trustworthiness}
}

@book{Kohavi2020TrustworthyExperiments,
    title = {{Trustworthy Online Controlled Experiments}},
    year = {2020},
    booktitle = {Trustworthy Online Controlled Experiments},
    author = {Kohavi, Ron and Tang, Diane and Xu, Ya},
    doi = {10.1017/9781108653985}
}

@article{Heck2020TurningEngineers,
    title = {{Turning Software Engineers into AI Engineers}},
    year = {2020},
    author = {Heck, Petra and Schouten, Gerard},
    month = {11},
    url = {http://arxiv.org/abs/2011.01590},
    arxivId = {2011.01590},
    keywords = {Index Terms-machine learning, artificial intelligence, educa-tion, software engineering}
}

@misc{Banerjee2017TwoHub,
    title = {{Two popular Data Analytics methodologies every data professional should know: TDSP {\&} CRISP-DM | Packt Hub}},
    year = {2017},
    booktitle = {Packt},
    author = {Banerjee, Amarabha}
}

@article{GopiKrishnanRajbahadur2020UnderstandingAnalytics,
    title = {{Understanding the Impact of Experimental Design Choices on Machine Learning Classifiers in Software Analytics}},
    year = {2020},
    author = {Gopi Krishnan Rajbahadur, by},
    url = {https://search.proquest.com/openview/1e92632b32171f9e96447e0595ceb7ea/1?pq-origsite=gscholar&cbl=18750&diss=y}
}

@article{Garousi2019UnderstandingSWEBOK,
    title = {{Understanding the knowledge gaps of software engineers: An empirical analysis based on SWEBOK}},
    year = {2019},
    journal = {ACM Transactions on Computing Education},
    author = {Garousi, Vahid and Giray, Gorkem and Tuzun, Eray},
    number = {1},
    month = {11},
    volume = {20},
    publisher = {Association for Computing Machinery},
    doi = {10.1145/3360497},
    keywords = {Education research, Empirical study, Knowledge gaps, Opinion survey, Skill gaps, Software engineering education}
}

@article{Muralidhar2021UsingMistakes,
    title = {{Using AntiPatterns to avoid MLOps Mistakes}},
    year = {2021},
    author = {Muralidhar, Nikhil and Muthiah, Sathappah and Butler, Patrick and Jain, Manish and Yu, Yu and Burne, Katy and Li, Weipeng and Jones, David and Arunachalam, Prakash and McCormick, Hays 'Skip' and Ramakrishnan, Naren},
    month = {6},
    url = {https://arxiv.org/abs/2107.00079v1},
    arxivId = {2107.00079}
}

@article{vanBaren2007UsingSequences.,
    title = {{Using N-SCAN or TWINSCAN to predict gene structures in genomic DNA sequences.}},
    year = {2007},
    journal = {Current protocols in bioinformatics / editoral board, Andreas D. Baxevanis ... [et al.]},
    author = {van Baren, Marijke J and Koebbe, Brian C and Brent, Michael R},
    month = {12},
    pages = {Unit 4.8},
    volume = {Chapter 4},
    url = {http://www.ncbi.nlm.nih.gov/pubmed/18428682},
    doi = {10.1002/0471250953.bi0408s20},
    issn = {1934-340X},
    pmid = {18428682},
    keywords = {Algorithms, Base Sequence, Chromosome Mapping, Chromosome Mapping: methods, DNA, DNA: genetics, Molecular Sequence Data, Sequence Alignment, Sequence Alignment: methods, Sequence Analysis, DNA, Sequence Analysis, DNA: methods, Software}
}

@inproceedings{Durelli2022UsingPractices,
    title = {{Using Real Code to Teach Good Programming Practices}},
    year = {2022},
    booktitle = {ACM International Conference Proceeding Series},
    author = {Durelli, Rafael Serrapilha and Ferreira, Renato Cordeiro and Goldman, Alfredo},
    number = {},
    volume = {},
    doi = {10.1145/3571473.3571504}
}

@article{Durelli2022UsingPracticesb,
    title = {{Using Real Code to Teach Good Programming Practices}},
    year = {2022},
    journal = {ACM International Conference Proceeding Series},
    author = {Durelli, Rafael Serapilha and Cordeiro, Renato and Goldman, Alfredo},
    month = {11},
    publisher = {Association for Computing Machinery},
    url = {https://dl.acm.org/doi/10.1145/3571473.3571504},
    isbn = {9781450399999},
    doi = {10.1145/3571473.3571504}
}

@article{VanDerWeide2017VersioningPipelines,
    title = {{Versioning for end-to-end machine learning pipelines}},
    year = {2017},
    journal = {Proceedings of the 1st Workshop on Data Management for End-To-End Machine Learning, DEEM 2017 - In conjunction with the 2017 ACM SIGMOD/PODS Conference},
    author = {Van Der Weide, Tom and Papadopoulos, Dimitris and Smirnov, Oleg and Zielinski, Michal and Van Kasteren, Tim},
    month = {5},
    volume = {9},
    publisher = {Association for Computing Machinery, Inc},
    url = {http://dx.doi.org/10.1145/3076246.3076248},
    doi = {10.1145/3076246.3076248}
}

@article{VanDerWeide2017VersioningPipelinesb,
    title = {{Versioning for End-to-End Machine Learning Pipelines}},
    year = {2017},
    journal = {Proceedings of the 1st Workshop on Data Management for End-To-End Machine Learning, DEEM 2017 - In conjunction with the 2017 ACM SIGMOD/PODS Conference},
    author = {Van Der Weide, Tom and Papadopoulos, Dimitris and Smirnov, Oleg and Zielinski, Michal and Van Kasteren, Tim},
    month = {5},
    publisher = {Association for Computing Machinery, Inc},
    isbn = {9781450350266},
    doi = {10.1145/3076246.3076248}
}

@article{Islam2019WhatOverflow,
    title = {{What Do Developers Ask About ML Libraries? A Large-scale Study Using Stack Overflow}},
    year = {2019},
    author = {Islam, Md Johirul and Nguyen, Hoan Anh and Pan, Rangeet and Rajan, Hridesh},
    month = {6},
    url = {http://arxiv.org/abs/1906.11940},
    arxivId = {1906.11940},
    keywords = {API misuses !, Index Terms-Machine learning, Q{\&}A forums}
}

@article{Yang2023WhatIssues,
    title = {{What Do Users Ask in Open-Source AI Repositories? An Empirical Study of GitHub Issues}},
    year = {2023},
    journal = {Proceedings - 2023 IEEE/ACM 20th International Conference on Mining Software Repositories, MSR 2023},
    author = {Yang, Zhou and Wang, Chenyu and Shi, Jieke and Hoang, Thong and Kochhar, Pavneet and Lu, Qinghua and Xing, Zhenchang and Lo, David},
    pages = {79--91},
    publisher = {Institute of Electrical and Electronics Engineers Inc.},
    isbn = {9798350311846},
    doi = {10.1109/MSR59073.2023.00024},
    arxivId = {2303.09795},
    keywords = {AI Repositories, Best Development Practices, Mining Software Repository, Open Source Software}
}

@article{Hayashi1998WhatExample,
    title = {{What is Data Science? Fundamental Concepts and a Heuristic Example}},
    year = {1998},
    author = {Hayashi, Chikio},
    pages = {40--51},
    publisher = {Springer, Tokyo},
    url = {https://link.springer.com/chapter/10.1007/978-4-431-65950-1_3},
    doi = {10.1007/978-4-431-65950-1{\_}3}
}

@article{Ozkaya2020WhatSystems,
    title = {{What Is Really Different in Engineering AI-Enabled Systems?}},
    year = {2020},
    journal = {IEEE Software},
    author = {Ozkaya, Ipek},
    number = {4},
    month = {7},
    pages = {3--6},
    volume = {37},
    publisher = {IEEE Computer Society},
    doi = {10.1109/MS.2020.2993662}
}

@misc{Tab2017WhatDocs,
    title = {{What is the Team Data Science Process? | Microsoft Docs}},
    year = {2017},
    booktitle = {Microsoft},
    author = {Tab, Mark and Schonning, Nick and Sharkey, Kent and Ericson, Gary and Martens, Josee}
}

@article{Makinen2021WhoHelp,
    title = {{Who Needs MLOps: What Data Scientists Seek to Accomplish and How Can MLOps Help?}},
    year = {2021},
    journal = {Proceedings - 2021 IEEE/ACM 1st Workshop on AI Engineering - Software Engineering for AI, WAIN 2021},
    author = {M{\"{a}}kinen, Sasu and Skogstr{\"{o}}m, Henrik and Laaksonen, Eero and Mikkonen, Tommi},
    month = {3},
    pages = {109--112},
    publisher = {Institute of Electrical and Electronics Engineers Inc.},
    url = {https://arxiv.org/abs/2103.08942v1},
    arxivId = {2103.08942},
    keywords = {AI, Artificial intelligence, DevOps, ML, MLOps, continuous software engineering, delivery pipeline, machine learning}
}

@misc{WhyVentureBeat,
    title = {{Why do 87{\%} of data science projects never make it into production? | VentureBeat}},
    url = {https://venturebeat.com/ai/why-do-87-of-data-science-projects-never-make-it-into-production/}
}

@inproceedings{Alshangiti2019WhyPosts,
    title = {{Why is Developing Machine Learning Applications Challenging? A Study on Stack Overflow Posts}},
    year = {2019},
    booktitle = {International Symposium on Empirical Software Engineering and Measurement},
    author = {Alshangiti, Moayad and Sapkota, Hitesh and Murukannaiah, Pradeep K. and Liu, Xumin and Yu, Qi},
    volume = {2019-Septemer},
    doi = {10.1109/ESEM.2019.8870187},
    issn = {19493789}
}
@book{zobel:04,
    title = {{Writing for Computer Science: The art of effective communication}},
    year = {2004},
    author = {Zobel, Justin},
    edition = {Segunda},
    publisher = {Springer}
}

@misc{FSF:GNU-GPL,
    title = {{{\{}GNU{\}} general public license}},
    author = {Foundation, Free Software},
    howpublished = {{\textbackslash}url{\{}http://www.gnu.org/copyleft/gpl.html{\}}}
}

@misc{gridftp,
    title = {{{\{}GridFTP{\}} protocol specification. {\{}Global Grid Forum{\}} Recommendation ({\{}GFD{\}}.20)}},
    year = {2003},
    author = {Allcock, William}
}

@article{SambasivanShivaniKapaniaHannahHighfll2021EveryoneAI,
    title = {{``Everyone wants to do the model work, not the data work'': Data Cascades in High-Stakes AI}},
    year = {2021},
    journal = {Proceedings of the 2021 CHI Conference on Human Factors in Computing Systems},
    author = {Sambasivan Shivani Kapania Hannah Highfll, Nithya and Akrong Praveen Paritosh Lora Aroyo, Diana and Sambasivan, Nithya and Kapania, Shivani and Highfll, Hannah and Akrong, Diana and Paritosh, Praveen and Aroyo, Lora},
    publisher = {ACM},
    url = {https://doi.org/10.1145/3411764.3445518},
    address = {New York, NY, USA},
    doi = {10.1145/3411764},
    keywords = {AI, Data, Ghana, India, Kenya, ML, Nigeria, USA, Uganda, application-domain experts, data cascades, data collectors, data politics, data quality, developers, high-stakes AI, raters}
}

@misc{EveryoneReader,
    title = {{``Everyone wants to do the model work, not the data work'': Data Cascades in High-Stakes AI | Enhanced Reader}},
    url = {moz-extension://9c3c3d4a-2fc4-41d0-a097-db6be1fd0781/enhanced-reader.html?openApp&pdf=https%3A%2F%2Fstorage.googleapis.com%2Fpub-tools-public-publication-data%2Fpdf%2F0d556e45afc54afeb2eb6b51a9bc1827b9961ff4.pdf}
}

@article{Shankar2024WeLearning,
    title = {{“We Have No Idea How Models will Behave in Production until Production”: How Engineers Operationalize Machine Learning}},
    year = {2024},
    journal = {Proceedings of the ACM on Human-Computer Interaction},
    author = {Shankar, Shreya and Garcia, Rolando and Hellerstein, Joseph M. and Parameswaran, Aditya G.},
    number = {CSCW1},
    month = {4},
    volume = {8},
    publisher = {Association for Computing Machinery},
    doi = {10.1145/3653697},
    issn = {25730142},
    keywords = {interview study, mlops}
}